1983 3361
542 259 1264 323 PRAEFATIO.

115 763 209 827 UT
229 783 366 838 operis
387 783 563 823 instituti
585 783 692 822 ratio
714 795 799 821 uno
820 789 989 835 aspectu
1011 781 1234 834 aperiatur,
1259 779 1479 821 Lectorem
1501 780 1602 821 haec
1623 795 1726 835 pau-

103 855 164 895 cis
185 855 229 894 in
250 861 505 894 antecessum
525 852 731 892 monitum
749 849 884 890 velim.
931 849 940 854 '

166 995 323 1044 Primo,
348 994 482 1036 Iliada
501 993 570 1034 hic
585 992 729 1048 graece
745 991 869 1048 quam
890 991 1267 1033 emendatissimum
1297 991 1455 1031 emitti:
1490 990 1559 1039 Et,
1582 991 1613 1031 si
1635 991 1726 1045 qui-

106 1066 183 1106 bus
204 1067 248 1106 in
269 1065 382 1114 locis,
404 1065 547 1120 paucis
568 1063 737 1119 quidem
758 1062 850 1112 illis,
875 1062 945 1102 sed
967 1061 1282 1117 quibuscunque
1302 1061 1346 1100 in
1367 1059 1468 1101 locis
1489 1059 1514 1100 a
1534 1060 1726 1116 Vulgatis

106 1136 331 1176 discessum
353 1135 429 1183 sit3
461 1135 504 1174 in
527 1119 897 1182 Annotationibus,
921 1131 1001 1187 qua
1024 1131 1067 1171 id
1098 1131 1259 1171 ratione
1279 1129 1434 1170 factum
1456 1131 1520 1180 sit,
1543 1130 1724 1186 singula-

104 1208 180 1248 tim
196 1221 282 1247 esse
302 1206 550 1261 expositum.

163 1347 213 1387 In
234 1347 394 1403 graecis
413 1345 541 1387 latine
559 1347 785 1396 reddendis,
810 1348 953 1402 (quam
974 1344 1143 1401 quidem
1174 1343 1561 1398 interpretationem
1592 1343 1724 1382 maxi-

100 1416 170 1458 ma
192 1431 244 1457 ex
273 1425 393 1471 parte
423 1425 665 1466 correctam,
697 1424 818 1470 parte
848 1414 987 1471 aliqua
1012 1416 1100 1470 jam
1133 1413 1271 1455 denuo
1303 1413 1577 1468 compositam
1608 1412 1725 1452 dedi-

102 1486 496 1537 mus,)-latinitatem
519 1485 761 1535 adhibitam,
785 1500 871 1526 non
893 1485 1124 1541 elegantem
1155 1484 1299 1539 utique
1330 1492 1371 1524 et
1400 1491 1628 1531 venustam,
1652 1481 1721 1523 sed

102 1557 161 1597 ita
183 1557 432 1606 Romanam,
451 1565 498 1597 ut
513 1557 648 1597 verbis
669 1556 806 1604 verba,
825 1555 964 1611 quoad
986 1555 1070 1609 ejus
1092 1554 1181 1594 fieri
1202 1561 1352 1608 posset,
1376 1552 1548 1609 singulis
1562 1552 1724 1609 singula

102 1641 155 1667 ex
186 1627 333 1667 ordine
363 1626 674 1682 responderent,
707 1626 866 1683 graecis
896 1625 1037 1666 latina.
1101 1624 1218 1672 Quin
1249 1632 1290 1664 et
1320 1625 1586 1677 Explementa
1619 1638 1724 1678 quae

102 1695 227 1752 vulgo
244 1697 533 1737 existimantur
552 1696 750 1745 Ver-suum,
766 1709 891 1751 quam
912 1695 954 1734 in
977 1693 1183 1735 Sententia
1205 1693 1401 1746 explendd
1422 1693 1506 1733 vim
1528 1692 1721 1742 habeant,

101 1767 315 1821 propriam
337 1781 523 1822 quaeque
544 1774 584 1807 et
604 1781 733 1815 suam,
756 1766 800 1806 in
820 1765 1036 1820 permultis
1067 1774 1113 1806 ut
1140 1773 1317 1821 nequeat
1337 1779 1423 1806 non
1445 1765 1596 1806 sentire
1618 1765 1724 1806 Lec-

103 1846 183 1887 tor,
205 1836 425 1893 diligenter
445 1835 647 1877 effectum.

162 1977 213 2019 In
236 1978 574 2020 Annotationibus
594 1994 643 2020 ea
663 1978 748 2020 fere
769 1979 941 2034 adjecta,
965 1994 1071 2035 quae
1091 1979 1156 2020 vel
1177 1978 1230 2019 ad
1265 1978 1419 2019 Po'ejtae
1440 1985 1566 2018 artem
1587 1979 1724 2031 aperi-

103 2051 257 2098 endam,
280 2049 344 2090 vel
365 2049 418 2090 ad
439 2051 638 2091 orationis
658 2057 890 2090 ornamenta
912 2050 1192 2105 particulatim
1213 2050 1567 2098 commonstranda,
1586 2047 1649 2088 vel
1671 2047 1722 2089 ad

103 2121 337 2160 sententiam
373 2121 653 2161 illustrandam
688 2121 930 2175 praesertim
967 2119 1101 2160 facere
1142 2119 1391 2160 viderentur.
1468 2117 1724 2173 Quanquam

104 2188 183 2230 hac
218 2189 381 2245 quidem
413 2190 621 2245 postrema
652 2191 696 2230 in
726 2199 844 2245 parte
874 2190 987 2231 haud
1019 2190 1196 2230 multum
1218 2198 1306 2230 erat
1327 2187 1550 2229 locandum
1572 2189 1722 2243 operis,

105 2258 200 2300 cum
219 2259 473 2301 Homericae
494 2260 752 2316 eloquentiae
774 2271 814 2301 et
834 2269 1036 2316 perpetua
1056 2269 1096 2301 et
1117 2260 1337 2317 singularis
1352 2260 1482 2300 virtus
1504 2260 1554 2299 sit
1562 2261 1724 2313 perspi-

104 2331 232 2370 cuitas
252 2331 296 2370 in
320 2330 571 2371 carminibus
592 2331 863 2372 ornatissimis
885 2340 1014 2380 tanta,
1039 2338 1238 2386 quantam
1260 2329 1312 2370 ne
1334 2330 1377 2370 in
1400 2329 1535 2370 soluto
1557 2329 1723 2385 quidem

105 2399 312 2441 scribendi
332 2415 484 2456 genere
504 2416 688 2457 unquam
709 2410 950 2457 assequutus
972 2409 1032 2441 est
1053 2402 1283 2456 quisquam.

171 2532 250 2574 Cui
271 2532 296 2574 a
324 2533 447 2574 rebus
477 2533 643 2590 magnis
660 2535 856 2591 seriisque
876 2535 1014 2576 minus
1034 2543 1095 2577 est
1115 2535 1202 2585 otii,
1225 2550 1278 2576 ex
1298 2535 1398 2577 locis
1419 2537 1647 2579 innumeris
1667 2553 1728 2590 ea,

110 2617 216 2658 quae
236 2612 476 2660 sequuntur,
499 2604 714 2646 consulere
734 2606 900 2660 poterit.

169 2743 237 2784 De
268 2745 310 2785 vi
343 2744 645 2802 elegantissima
680 2747 906 2787 vocularum
939 2746 1213 2802 quarundam,
1253 2762 1358 2803 quae
1393 2748 1519 2806 vulgo
1551 2749 1725 2800 Versum,

110 2829 195 2856 non
215 2817 474 2868 Sententiam,
504 2820 662 2872 explere
682 2827 778 2861 sunt
799 2819 1002 2861 creditae:
1048 2821 1118 2863 lib.
1143 2825 1178 2872 α’,
1205 2837 1288 2863 ver.
1312 2829 1351 2872 6,
1377 2829 1443 2871 56,
1469 2828 1564 2863 308.
1615 2823 1663 2869 β’,
1690 2827 1725 2870 1,

115 2891 193 2926 158
249 2889 274 2935 ἑ,
297 2892 393 2937 249,
418 2893 514 2938 273,
540 2894 636 2939 287,
663 2896 758 2932 303.
801 2893 847 2942 ζ’,
873 2895 968 2941 323,
993 2897 1090 2933 418.
1138 2894 1184 2937 θ’,
1210 2899 1279 2934 5‘3.
1309 2899 1384 2933 ς58
1451 2916 1460 2931 ι
1477 2926 1484 2940 ,
1509 2898 1604 2941 5204,
1630 2897 1728 2932 509.
