<?xml version="1.0" encoding="UTF-8"?>
<!DOCTYPE html PUBLIC "-//W3C//DTD XHTML 1.0 Transitional//EN"
    "http://www.w3.org/TR/xhtml1/DTD/xhtml1-transitional.dtd">
<html xmlns="http://www.w3.org/1999/xhtml" xml:lang="en" lang="en">
 <head>
  <title>
</title>
<meta http-equiv="Content-Type" content="text/html;charset=utf-8" />
  <meta name='ocr-system' content='tesseract 3.04.00' />
  <meta name='ocr-capabilities' content='ocr_page ocr_carea ocr_par ocr_line ocrx_word'/>
</head>
<body>
  <div class='ocr_page' id='page_1' title='image "./iliasgraeceetlat01homeuoft_0019.png"; bbox 0 0 1983 3361; ppageno 0'>
   <div class='ocr_carea' id='block_1_1' title="bbox 213 156 411 206">
    <p class='ocr_par' dir='ltr' id='par_1_1' title="bbox 213 156 411 206">
     <span class='ocr_line' id='line_1_1' title="bbox 213 156 411 206; baseline 0.005 -1"><span class='ocrx_word' id='word_1_1' title='bbox 213 156 330 206; x_wconf 76' lang='lat' dir='ltr'>Lm.</span> <span class='ocrx_word' id='word_1_2' title='bbox 375 165 411 206; x_wconf 85' lang='lat'>1.</span> 
     </span>
    </p>
   </div>
   <div class='ocr_carea' id='block_1_2' title="bbox 641 157 1391 207">
    <p class='ocr_par' dir='ltr' id='par_1_2' title="bbox 641 157 1391 207">
     <span class='ocr_line' id='line_1_2' title="bbox 641 157 1391 207; baseline 0 -2"><span class='ocrx_word' id='word_1_3' title='bbox 641 158 941 206; x_wconf 87' lang='grc' dir='ltr'>ΟΜΗΡΟΥ</span> <span class='ocrx_word' id='word_1_4' title='bbox 983 160 1271 207; x_wconf 87' lang='grc' dir='ltr'><strong>ῙΛΙΑΔΟΣ</strong></span> <span class='ocrx_word' id='word_1_5' title='bbox 1315 157 1391 207; x_wconf 87' lang='grc' dir='ltr'>Α’.</span> 
     </span>
    </p>
   </div>
   <div class='ocr_carea' id='block_1_3' title="bbox 1768 172 1826 211">
    <p class='ocr_par' dir='ltr' id='par_1_3' title="bbox 1768 172 1826 211">
     <span class='ocr_line' id='line_1_3' title="bbox 1768 172 1826 211; baseline 0.017 -1"><span class='ocrx_word' id='word_1_6' title='bbox 1768 172 1826 211; x_wconf 92' lang='grc'>11</span> 
     </span>
    </p>
   </div>
   <div class='ocr_carea' id='block_1_4' title="bbox 208 267 1378 412">
    <p class='ocr_par' dir='ltr' id='par_1_4' title="bbox 208 267 1378 412">
     <span class='ocr_line' id='line_1_4' title="bbox 212 267 1378 339; baseline 0.002 -21"><span class='ocrx_word' id='word_1_7' title='bbox 212 271 386 320; x_wconf 53' lang='lat' dir='ltr'>Bam:-</span> <span class='ocrx_word' id='word_1_8' title='bbox 429 269 516 319; x_wconf 69' lang='grc' dir='ltr'>αἰεὶ</span> <span class='ocrx_word' id='word_1_9' title='bbox 570 267 588 318; x_wconf 69' lang='grc' dir='ltr'>ἒ</span> <span class='ocrx_word' id='word_1_10' title='bbox 617 270 751 339; x_wconf 71' lang='grc' dir='ltr'>πυξοιὶ</span> <span class='ocrx_word' id='word_1_11' title='bbox 782 267 928 319; x_wconf 72' lang='grc' dir='ltr'><em>νεκύων</em></span> <span class='ocrx_word' id='word_1_12' title='bbox 954 270 1132 320; x_wconf 72' lang='grc' dir='ltr'><em>καίοντη</em></span> <span class='ocrx_word' id='word_1_13' title='bbox 1159 271 1378 336; x_wconf 58' lang='grc' dir='ltr'>θαμειαί.</span> 
     </span>
     <span class='ocr_line' id='line_1_5' title="bbox 208 340 1351 412; baseline 0.001 -21"><span class='ocrx_word' id='word_1_14' title='bbox 208 342 428 412; x_wconf 69' lang='grc' dir='ltr'><em>Ἐννῆμοιξ</em></span> <span class='ocrx_word' id='word_1_15' title='bbox 450 340 530 409; x_wconf 68' lang='grc' dir='ltr'>μὲν</span> <span class='ocrx_word' id='word_1_16' title='bbox 557 342 648 391; x_wconf 73' lang='grc' dir='ltr'>ἀνὰ</span> <span class='ocrx_word' id='word_1_17' title='bbox 675 340 863 411; x_wconf 59' lang='grc' dir='ltr'>στρατὸν</span> <span class='ocrx_word' id='word_1_18' title='bbox 890 340 1036 409; x_wconf 60' lang='grc' dir='ltr'><em>ᾤχετο</em></span> <span class='ocrx_word' id='word_1_19' title='bbox 1064 345 1188 398; x_wconf 71' lang='grc' dir='ltr'>κῆλα</span> <span class='ocrx_word' id='word_1_20' title='bbox 1216 345 1351 392; x_wconf 59' lang='grc' dir='ltr'>θεοῖο·</span> 
     </span>
    </p>
   </div>
   <div class='ocr_carea' id='block_1_5' title="bbox 295 517 1405 602">
    <p class='ocr_par' dir='ltr' id='par_1_5' title="bbox 295 517 1405 602">
     <span class='ocr_line' id='line_1_6' title="bbox 297 517 1405 560; baseline 0.002 -12"><span class='ocrx_word' id='word_1_21' title='bbox 297 518 455 548; x_wconf 81' lang='lat' dir='ltr'>Feriebat:</span> <span class='ocrx_word' id='word_1_22' title='bbox 482 517 634 557; x_wconf 79' lang='lat' dir='ltr'>perpetuo</span> <span class='ocrx_word' id='word_1_23' title='bbox 650 525 755 548; x_wconf 84' lang='lat' dir='ltr'>autem</span> <span class='ocrx_word' id='word_1_24' title='bbox 772 518 840 558; x_wconf 88' lang='lat' dir='ltr'>rogi</span> <span class='ocrx_word' id='word_1_25' title='bbox 855 519 1043 549; x_wconf 80' lang='lat' dir='ltr'>cadaverum</span> <span class='ocrx_word' id='word_1_26' title='bbox 1059 519 1211 550; x_wconf 85' lang='lat' dir='ltr'>ardebant</span> <span class='ocrx_word' id='word_1_27' title='bbox 1226 520 1405 560; x_wconf 85' lang='lat' dir='ltr'>frequentes</span> 
     </span>
     <span class='ocr_line' id='line_1_7' title="bbox 295 559 1252 602; baseline 0.001 -12"><span class='ocrx_word' id='word_1_28' title='bbox 295 560 419 590; x_wconf 89' lang='lat' dir='ltr'>Novem</span> <span class='ocrx_word' id='word_1_29' title='bbox 434 559 500 590; x_wconf 85' lang='lat' dir='ltr'>dies</span> <span class='ocrx_word' id='word_1_30' title='bbox 514 559 643 600; x_wconf 88' lang='lat' dir='ltr'>quidem</span> <span class='ocrx_word' id='word_1_31' title='bbox 658 570 713 599; x_wconf 87' lang='lat' dir='ltr'>per</span> <span class='ocrx_word' id='word_1_32' title='bbox 728 561 902 590; x_wconf 90' lang='lat' dir='ltr'>exercitum</span> <span class='ocrx_word' id='word_1_33' title='bbox 918 561 1005 591; x_wconf 82' lang='lat' dir='ltr'><strong>ibant</strong></span> <span class='ocrx_word' id='word_1_34' title='bbox 1020 562 1151 602; x_wconf 80' lang='lat' dir='ltr'>sagittae</span> <span class='ocrx_word' id='word_1_35' title='bbox 1171 561 1252 592; x_wconf 84' lang='lat' dir='ltr'>Dei:</span> 
     </span>
    </p>
   </div>
   <div class='ocr_carea' id='block_1_6' title="bbox 186 707 1002 3003">
    <p class='ocr_par' dir='ltr' id='par_1_6' title="bbox 205 707 1002 913">
     <span class='ocr_line' id='line_1_8' title="bbox 209 707 1002 748; baseline 0.001 -11"><span class='ocrx_word' id='word_1_36' title='bbox 209 710 294 748; x_wconf 77' lang='lat' dir='ltr'>(quae</span> <span class='ocrx_word' id='word_1_37' title='bbox 317 708 350 738; x_wconf 95' lang='lat' dir='ltr'>in</span> <span class='ocrx_word' id='word_1_38' title='bbox 373 711 509 739; x_wconf 82' lang='lat' dir='ltr'>oratione</span> <span class='ocrx_word' id='word_1_39' title='bbox 533 707 639 743; x_wconf 64' lang='lat' dir='ltr'>soluta,</span> <span class='ocrx_word' id='word_1_40' title='bbox 673 714 710 738; x_wconf 83' lang='lat' dir='ltr'>ut</span> <span class='ocrx_word' id='word_1_41' title='bbox 739 718 776 738; x_wconf 89' lang='lat' dir='ltr'>ex</span> <span class='ocrx_word' id='word_1_42' title='bbox 810 708 1002 747; x_wconf 79' lang='lat' dir='ltr'>Scriptorum</span> 
     </span>
     <span class='ocr_line' id='line_1_9' title="bbox 209 750 1001 790; baseline 0 -11"><span class='ocrx_word' id='word_1_43' title='bbox 209 750 416 790; x_wconf 88' lang='lat' dir='ltr'>Tragicorum</span> <span class='ocrx_word' id='word_1_44' title='bbox 443 757 474 780; x_wconf 88' lang='lat' dir='ltr'>et</span> <span class='ocrx_word' id='word_1_45' title='bbox 503 750 705 780; x_wconf 90' lang='lat' dir='ltr'>Comicorum</span> <span class='ocrx_word' id='word_1_46' title='bbox 732 751 847 780; x_wconf 85' lang='lat' dir='ltr'>Iambis</span> <span class='ocrx_word' id='word_1_47' title='bbox 872 756 1001 784; x_wconf 88' lang='lat' dir='ltr'>constat,</span> 
     </span>
     <span class='ocr_line' id='line_1_10' title="bbox 206 791 1001 830; baseline -0.001 -9"><span class='ocrx_word' id='word_1_48' title='bbox 206 802 329 830; x_wconf 83' lang='lat' dir='ltr'>semper</span> <span class='ocrx_word' id='word_1_49' title='bbox 344 792 509 830; x_wconf 88' lang='lat' dir='ltr'>corripitur</span> <span class='ocrx_word' id='word_1_50' title='bbox 519 791 544 829; x_wconf 93' lang='lat'>;)</span> <span class='ocrx_word' id='word_1_51' title='bbox 562 791 594 821; x_wconf 88' lang='lat' dir='ltr'>in</span> <span class='ocrx_word' id='word_1_52' title='bbox 609 791 734 821; x_wconf 85' lang='lat' dir='ltr'>heroico</span> <span class='ocrx_word' id='word_1_53' title='bbox 744 791 890 826; x_wconf 83' lang='lat' dir='ltr'>carmine,</span> <span class='ocrx_word' id='word_1_54' title='bbox 909 801 1001 829; x_wconf 91' lang='lat' dir='ltr'>prop-</span> 
     </span>
     <span class='ocr_line' id='line_1_11' title="bbox 205 832 1000 873; baseline -0.001 -10"><span class='ocrx_word' id='word_1_55' title='bbox 205 841 253 863; x_wconf 85' lang='lat' dir='ltr'>ter</span> <span class='ocrx_word' id='word_1_56' title='bbox 258 836 436 873; x_wconf 83' lang='lat' dir='ltr'>positionem</span> <span class='ocrx_word' id='word_1_57' title='bbox 445 834 544 869; x_wconf 75' lang='lat' dir='ltr'>istam,</span> <span class='ocrx_word' id='word_1_58' title='bbox 550 832 653 872; x_wconf 89' lang='lat' dir='ltr'>(sicuti</span> <span class='ocrx_word' id='word_1_59' title='bbox 664 833 696 862; x_wconf 93' lang='lat' dir='ltr'>in</span> <span class='ocrx_word' id='word_1_60' title='bbox 706 832 828 862; x_wconf 88' lang='lat' dir='ltr'>Latinis</span> <span class='ocrx_word' id='word_1_61' title='bbox 835 833 1000 868; x_wconf 82' lang='lat' dir='ltr'>vocabulis,</span> 
     </span>
     <span class='ocr_line' id='line_1_12' title="bbox 205 874 1000 913; baseline -0.003 -8"><span class='ocrx_word' id='word_1_62' title='bbox 205 877 343 910; x_wconf 74' lang='lat' dir='ltr'>tenebrae,</span> <span class='ocrx_word' id='word_1_63' title='bbox 356 877 493 910; x_wconf 76' lang='lat' dir='ltr'>volucris,</span> <span class='ocrx_word' id='word_1_64' title='bbox 505 882 536 904; x_wconf 85' lang='lat' dir='ltr'>et</span> <span class='ocrx_word' id='word_1_65' title='bbox 551 874 732 913; x_wconf 86' lang='lat' dir='ltr'>similibus,)</span> <span class='ocrx_word' id='word_1_66' title='bbox 745 874 877 913; x_wconf 82' lang='lat' dir='ltr'><strong>produci</strong></span> <span class='ocrx_word' id='word_1_67' title='bbox 889 881 1000 913; x_wconf 68' lang='lat' dir='ltr'>potest,</span> 
     </span>
    </p>

    <p class='ocr_par' dir='ltr' id='par_1_7' title="bbox 203 916 1002 1125">
     <span class='ocr_line' id='line_1_13' title="bbox 247 916 999 956; baseline -0.001 -9"><span class='ocrx_word' id='word_1_68' title='bbox 247 921 276 947; x_wconf 88' lang='lat'>5.</span> <span class='ocrx_word' id='word_1_69' title='bbox 305 918 430 956; x_wconf 80' lang='lat' dir='ltr'>Syllaba</span> <span class='ocrx_word' id='word_1_70' title='bbox 453 916 564 947; x_wconf 78' lang='lat' dir='ltr'>natura</span> <span class='ocrx_word' id='word_1_71' title='bbox 587 916 696 951; x_wconf 87' lang='lat' dir='ltr'>brevis,</span> <span class='ocrx_word' id='word_1_72' title='bbox 719 916 752 946; x_wconf 89' lang='lat' dir='ltr'>in</span> <span class='ocrx_word' id='word_1_73' title='bbox 776 917 911 946; x_wconf 77' lang='lat' dir='ltr'>Vocalem</span> <span class='ocrx_word' id='word_1_74' title='bbox 935 917 999 946; x_wconf 83' lang='lat' dir='ltr'>bre-</span> 
     </span>
     <span class='ocr_line' id='line_1_14' title="bbox 203 958 999 997; baseline -0.003 -8"><span class='ocrx_word' id='word_1_75' title='bbox 203 969 266 989; x_wconf 84' lang='lat' dir='ltr'>vem</span> <span class='ocrx_word' id='word_1_76' title='bbox 279 958 433 994; x_wconf 86' lang='lat' dir='ltr'>desinens,</span> <span class='ocrx_word' id='word_1_77' title='bbox 447 965 482 989; x_wconf 91' lang='lat' dir='ltr'>ut</span> <span class='ocrx_word' id='word_1_78' title='bbox 494 959 524 988; x_wconf 70' lang='lat' dir='ltr'>»ri</span> <span class='ocrx_word' id='word_1_79' title='bbox 536 969 544 994; x_wconf 84' lang='lat'>3</span> <span class='ocrx_word' id='word_1_80' title='bbox 558 959 697 988; x_wconf 81' lang='lat' dir='ltr'>vocabulo</span> <span class='ocrx_word' id='word_1_81' title='bbox 710 958 846 997; x_wconf 60' lang='lat' dir='ltr'>prosim&amp;</span> <span class='ocrx_word' id='word_1_82' title='bbox 855 960 999 997; x_wconf 77' lang='lat' dir='ltr'><em>sequenti,</em></span> 
     </span>
     <span class='ocr_line' id='line_1_15' title="bbox 204 999 1002 1038; baseline 0 -9"><span class='ocrx_word' id='word_1_83' title='bbox 204 999 223 1029; x_wconf 69' lang='lat' dir='ltr'>a</span> <span class='ocrx_word' id='word_1_84' title='bbox 245 1002 363 1030; x_wconf 80' lang='lat' dir='ltr'>duabus</span> <span class='ocrx_word' id='word_1_85' title='bbox 389 1001 625 1032; x_wconf 77' lang='lat' dir='ltr'>consonantibus</span> <span class='ocrx_word' id='word_1_86' title='bbox 650 999 820 1038; x_wconf 81' lang='lat' dir='ltr'>incipiente</span> <span class='ocrx_word' id='word_1_87' title='bbox 833 1011 842 1037; x_wconf 80' lang='lat'><em>3</em></span> <span class='ocrx_word' id='word_1_88' title='bbox 877 1005 1002 1038; x_wconf 89' lang='lat' dir='ltr'>propter</span> 
     </span>
     <span class='ocr_line' id='line_1_16' title="bbox 203 1041 1001 1082; baseline -0.001 -10"><span class='ocrx_word' id='word_1_89' title='bbox 203 1042 295 1072; x_wconf 87' lang='lat' dir='ltr'>istam</span> <span class='ocrx_word' id='word_1_90' title='bbox 306 1044 484 1082; x_wconf 78' lang='lat' dir='ltr'><em>positionem</em></span> <span class='ocrx_word' id='word_1_91' title='bbox 497 1041 606 1071; x_wconf 87' lang='lat' dir='ltr'>itidem</span> <span class='ocrx_word' id='word_1_92' title='bbox 621 1041 752 1081; x_wconf 86' lang='lat' dir='ltr'>produci</span> <span class='ocrx_word' id='word_1_93' title='bbox 767 1047 878 1080; x_wconf 85' lang='lat' dir='ltr'>potest.</span> <span class='ocrx_word' id='word_1_94' title='bbox 905 1041 1001 1076; x_wconf 85' lang='lat' dir='ltr'>Ut,—</span> 
     </span>
     <span class='ocr_line' id='line_1_17' title="bbox 204 1084 616 1125; baseline -0.002 -12"><span class='ocrx_word' id='word_1_95' title='bbox 204 1085 262 1116; x_wconf 75' lang='grc' dir='ltr'>Τοίς</span> <span class='ocrx_word' id='word_1_96' title='bbox 279 1097 310 1114; x_wconf 65' lang='grc' dir='ltr'>τε</span> <span class='ocrx_word' id='word_1_97' title='bbox 324 1086 386 1125; x_wconf 64' lang='lat' dir='ltr'>‘reti</span> <span class='ocrx_word' id='word_1_98' title='bbox 397 1084 538 1120; x_wconf 70' lang='grc' dir='ltr'>ὀσσῦμενὶς</span> <span class='ocrx_word' id='word_1_99' title='bbox 555 1096 616 1125; x_wconf 65' lang='grc' dir='ltr'>περ.</span> 
     </span>
    </p>

    <p class='ocr_par' dir='ltr' id='par_1_8' title="bbox 191 1124 1001 2253">
     <span class='ocr_line' id='line_1_18' title="bbox 246 1124 998 1165; baseline -0.003 -9"><span class='ocrx_word' id='word_1_100' title='bbox 246 1130 275 1156; x_wconf 85' lang='grc'>6.</span> <span class='ocrx_word' id='word_1_101' title='bbox 306 1128 420 1157; x_wconf 75' lang='lat' dir='ltr'>Ultima</span> <span class='ocrx_word' id='word_1_102' title='bbox 444 1126 596 1165; x_wconf 89' lang='lat' dir='ltr'>cujusque</span> <span class='ocrx_word' id='word_1_103' title='bbox 612 1124 718 1155; x_wconf 68' lang='lat' dir='ltr'>versus</span> <span class='ocrx_word' id='word_1_104' title='bbox 733 1125 859 1164; x_wconf 89' lang='lat' dir='ltr'>syllaba,</span> <span class='ocrx_word' id='word_1_105' title='bbox 883 1125 998 1165; x_wconf 91' lang='lat' dir='ltr'>qualis-</span> 
     </span>
     <span class='ocr_line' id='line_1_19' title="bbox 202 1166 1001 1208; baseline 0 -11"><span class='ocrx_word' id='word_1_106' title='bbox 202 1177 327 1208; x_wconf 86' lang='lat' dir='ltr'>cunque</span> <span class='ocrx_word' id='word_1_107' title='bbox 342 1177 379 1197; x_wconf 88' lang='lat' dir='ltr'>ea</span> <span class='ocrx_word' id='word_1_108' title='bbox 393 1167 434 1197; x_wconf 90' lang='lat' dir='ltr'>sit</span> <span class='ocrx_word' id='word_1_109' title='bbox 449 1167 568 1202; x_wconf 71' lang='lat' dir='ltr'>natura,</span> <span class='ocrx_word' id='word_1_110' title='bbox 582 1166 860 1207; x_wconf 70' lang='lat' dir='ltr'>etaqualicunque</span> <span class='ocrx_word' id='word_1_111' title='bbox 872 1167 1001 1205; x_wconf 80' lang='lat' dir='ltr'>incipiat</span> 
     </span>
     <span class='ocr_line' id='line_1_20' title="bbox 203 1208 998 1249; baseline -0.001 -10"><span class='ocrx_word' id='word_1_112' title='bbox 203 1219 308 1239; x_wconf 82' lang='lat' dir='ltr'>versus</span> <span class='ocrx_word' id='word_1_113' title='bbox 337 1219 488 1249; x_wconf 87' lang='lat' dir='ltr'>sequens;</span> <span class='ocrx_word' id='word_1_114' title='bbox 535 1219 598 1239; x_wconf 92' lang='lat' dir='ltr'>non</span> <span class='ocrx_word' id='word_1_115' title='bbox 636 1211 686 1248; x_wconf 90' lang='lat' dir='ltr'>(ut</span> <span class='ocrx_word' id='word_1_116' title='bbox 715 1208 922 1238; x_wconf 89' lang='lat' dir='ltr'>Grammatici</span> <span class='ocrx_word' id='word_1_117' title='bbox 951 1209 998 1238; x_wconf 92' lang='lat' dir='ltr'>lo-</span> 
     </span>
     <span class='ocr_line' id='line_1_21' title="bbox 201 1249 999 1290; baseline 0.001 -10"><span class='ocrx_word' id='word_1_118' title='bbox 201 1251 356 1290; x_wconf 89' lang='lat' dir='ltr'>quuntur)</span> <span class='ocrx_word' id='word_1_119' title='bbox 383 1253 559 1286; x_wconf 84' lang='lat' dir='ltr'>communis,</span> <span class='ocrx_word' id='word_1_120' title='bbox 590 1250 645 1280; x_wconf 89' lang='lat' dir='ltr'>sed</span> <span class='ocrx_word' id='word_1_121' title='bbox 674 1261 796 1289; x_wconf 84' lang='lat' dir='ltr'>semper</span> <span class='ocrx_word' id='word_1_122' title='bbox 826 1249 999 1281; x_wconf 74' lang='lat' dir='ltr'>necessario</span> 
     </span>
     <span class='ocr_line' id='line_1_22' title="bbox 199 1291 998 1332; baseline -0.001 -10"><span class='ocrx_word' id='word_1_123' title='bbox 199 1294 290 1332; x_wconf 81' lang='lat' dir='ltr'>longa</span> <span class='ocrx_word' id='word_1_124' title='bbox 308 1299 370 1330; x_wconf 84' lang='lat' dir='ltr'>est;</span> <span class='ocrx_word' id='word_1_125' title='bbox 386 1299 512 1332; x_wconf 91' lang='lat' dir='ltr'>propter</span> <span class='ocrx_word' id='word_1_126' title='bbox 529 1295 665 1323; x_wconf 74' lang='lat' dir='ltr'>Pansam</span> <span class='ocrx_word' id='word_1_127' title='bbox 681 1292 782 1327; x_wconf 81' lang='lat' dir='ltr'>istam,</span> <span class='ocrx_word' id='word_1_128' title='bbox 799 1291 869 1332; x_wconf 67' lang='lat' dir='ltr'>qua,</span> <span class='ocrx_word' id='word_1_129' title='bbox 886 1292 919 1321; x_wconf 93' lang='lat' dir='ltr'>in</span> <span class='ocrx_word' id='word_1_130' title='bbox 936 1292 998 1322; x_wconf 87' lang='lat' dir='ltr'>fine</span> 
     </span>
     <span class='ocr_line' id='line_1_23' title="bbox 201 1333 998 1374; baseline 0.001 -10"><span class='ocrx_word' id='word_1_131' title='bbox 201 1334 315 1369; x_wconf 73' lang='lat' dir='ltr'>versus,</span> <span class='ocrx_word' id='word_1_132' title='bbox 327 1335 453 1374; x_wconf 85' lang='lat' dir='ltr'>syllabae</span> <span class='ocrx_word' id='word_1_133' title='bbox 464 1334 586 1365; x_wconf 88' lang='lat' dir='ltr'>ultimae</span> <span class='ocrx_word' id='word_1_134' title='bbox 598 1334 813 1373; x_wconf 82' lang='lat' dir='ltr'>pronuntiatio</span> <span class='ocrx_word' id='word_1_135' title='bbox 826 1333 998 1365; x_wconf 74' lang='lat' dir='ltr'>necessario</span> 
     </span>
     <span class='ocr_line' id='line_1_24' title="bbox 199 1376 996 1417; baseline 0 -11"><span class='ocrx_word' id='word_1_136' title='bbox 199 1376 391 1415; x_wconf 82' lang='lat' dir='ltr'>producitur.</span> <span class='ocrx_word' id='word_1_137' title='bbox 411 1377 517 1416; x_wconf 88' lang='lat' dir='ltr'>Atque</span> <span class='ocrx_word' id='word_1_138' title='bbox 533 1376 606 1406; x_wconf 88' lang='lat' dir='ltr'>hinc</span> <span class='ocrx_word' id='word_1_139' title='bbox 620 1378 670 1417; x_wconf 85' lang='lat' dir='ltr'>(ut</span> <span class='ocrx_word' id='word_1_140' title='bbox 681 1376 712 1406; x_wconf 92' lang='lat' dir='ltr'>id</span> <span class='ocrx_word' id='word_1_141' title='bbox 722 1376 820 1406; x_wconf 88' lang='lat' dir='ltr'>obiter</span> <span class='ocrx_word' id='word_1_142' title='bbox 835 1376 996 1415; x_wconf 89' lang='lat' dir='ltr'>moneam)</span> 
     </span>
     <span class='ocr_line' id='line_1_25' title="bbox 199 1418 997 1459; baseline 0.001 -12"><span class='ocrx_word' id='word_1_143' title='bbox 199 1424 335 1457; x_wconf 86' lang='lat' dir='ltr'>apparet,</span> <span class='ocrx_word' id='word_1_144' title='bbox 353 1420 556 1459; x_wconf 90' lang='lat' dir='ltr'>quamobrem</span> <span class='ocrx_word' id='word_1_145' title='bbox 572 1418 604 1447; x_wconf 90' lang='lat' dir='ltr'>in</span> <span class='ocrx_word' id='word_1_146' title='bbox 618 1419 685 1448; x_wconf 90' lang='lat' dir='ltr'>solo</span> <span class='ocrx_word' id='word_1_147' title='bbox 693 1428 783 1448; x_wconf 89' lang='lat' dir='ltr'>versu</span> <span class='ocrx_word' id='word_1_148' title='bbox 801 1420 997 1457; x_wconf 77' lang='lat' dir='ltr'>Anapoestico</span> 
     </span>
     <span class='ocr_line' id='line_1_26' title="bbox 198 1459 996 1499; baseline 0.001 -9"><span class='ocrx_word' id='word_1_149' title='bbox 198 1459 317 1499; x_wconf 84' lang='lat' dir='ltr'>syllaba</span> <span class='ocrx_word' id='word_1_150' title='bbox 328 1460 502 1496; x_wconf 81' lang='lat' dir='ltr'>ultima,vel</span> <span class='ocrx_word' id='word_1_151' title='bbox 518 1461 621 1490; x_wconf 65' lang='lat' dir='ltr'>Vocula*</span> <span class='ocrx_word' id='word_1_152' title='bbox 634 1459 723 1499; x_wconf 65' lang='lat' dir='ltr'>longo</span> <span class='ocrx_word' id='word_1_153' title='bbox 734 1460 781 1489; x_wconf 89' lang='lat' dir='ltr'>vel</span> <span class='ocrx_word' id='word_1_154' title='bbox 797 1463 996 1491; x_wconf 71' lang='lat' dir='ltr'>Con-sonanti-</span> 
     </span>
     <span class='ocr_line' id='line_1_27' title="bbox 199 1501 996 1541; baseline 0 -9"><span class='ocrx_word' id='word_1_155' title='bbox 199 1512 250 1532; x_wconf 84' lang='lat' dir='ltr'>um</span> <span class='ocrx_word' id='word_1_156' title='bbox 267 1513 424 1538; x_wconf 79' lang='lat' dir='ltr'>concursu,</span> <span class='ocrx_word' id='word_1_157' title='bbox 448 1501 640 1541; x_wconf 87' lang='lat' dir='ltr'>producatur</span> <span class='ocrx_word' id='word_1_158' title='bbox 655 1512 780 1532; x_wconf 87' lang='lat' dir='ltr'>necesse</span> <span class='ocrx_word' id='word_1_159' title='bbox 796 1502 843 1532; x_wconf 83' lang='lat' dir='ltr'>sit.</span> <span class='ocrx_word' id='word_1_160' title='bbox 871 1501 932 1532; x_wconf 86' lang='lat' dir='ltr'>Pes</span> <span class='ocrx_word' id='word_1_161' title='bbox 947 1502 996 1532; x_wconf 90' lang='lat' dir='ltr'>ni-</span> 
     </span>
     <span class='ocr_line' id='line_1_28' title="bbox 198 1542 995 1584; baseline 0.001 -11"><span class='ocrx_word' id='word_1_162' title='bbox 198 1543 317 1573; x_wconf 86' lang='lat' dir='ltr'>mirum</span> <span class='ocrx_word' id='word_1_163' title='bbox 336 1546 530 1583; x_wconf 64' lang='lat' dir='ltr'>Anima-stus,</span> <span class='ocrx_word' id='word_1_164' title='bbox 547 1544 600 1584; x_wconf 91' lang='lat' dir='ltr'>qui</span> <span class='ocrx_word' id='word_1_165' title='bbox 612 1542 631 1573; x_wconf 71' lang='lat' dir='ltr'>a</span> <span class='ocrx_word' id='word_1_166' title='bbox 646 1543 772 1583; x_wconf 84' lang='lat' dir='ltr'>syllabis</span> <span class='ocrx_word' id='word_1_167' title='bbox 786 1544 932 1574; x_wconf 83' lang='lat' dir='ltr'>brevibus</span> <span class='ocrx_word' id='word_1_168' title='bbox 947 1545 995 1574; x_wconf 94' lang='lat' dir='ltr'>in-</span> 
     </span>
     <span class='ocr_line' id='line_1_29' title="bbox 197 1585 995 1626; baseline 0.001 -11"><span class='ocrx_word' id='word_1_169' title='bbox 197 1585 316 1624; x_wconf 86' lang='lat' dir='ltr'>cipiens</span> <span class='ocrx_word' id='word_1_170' title='bbox 331 1586 365 1615; x_wconf 89' lang='lat' dir='ltr'>in</span> <span class='ocrx_word' id='word_1_171' title='bbox 378 1586 506 1626; x_wconf 90' lang='lat' dir='ltr'>longam</span> <span class='ocrx_word' id='word_1_172' title='bbox 521 1585 642 1620; x_wconf 82' lang='lat' dir='ltr'>desinit,</span> <span class='ocrx_word' id='word_1_173' title='bbox 656 1586 832 1626; x_wconf 83' lang='lat' dir='ltr'>graviorem</span> <span class='ocrx_word' id='word_1_174' title='bbox 844 1585 876 1615; x_wconf 92' lang='lat' dir='ltr'>in</span> <span class='ocrx_word' id='word_1_175' title='bbox 888 1585 995 1616; x_wconf 78' lang='lat' dir='ltr'>ultinni</span> 
     </span>
     <span class='ocr_line' id='line_1_30' title="bbox 198 1626 995 1667; baseline 0.001 -11"><span class='ocrx_word' id='word_1_176' title='bbox 198 1626 325 1666; x_wconf 72' lang='lat' dir='ltr'>syllaba,</span> <span class='ocrx_word' id='word_1_177' title='bbox 342 1626 440 1667; x_wconf 72' lang='lat' dir='ltr'>quam</span> <span class='ocrx_word' id='word_1_178' title='bbox 459 1627 583 1657; x_wconf 85' lang='lat' dir='ltr'>Pedum</span> <span class='ocrx_word' id='word_1_179' title='bbox 599 1627 680 1657; x_wconf 88' lang='lat' dir='ltr'>alius</span> <span class='ocrx_word' id='word_1_180' title='bbox 695 1627 804 1667; x_wconf 88' lang='lat' dir='ltr'>quivis,</span> <span class='ocrx_word' id='word_1_181' title='bbox 828 1628 995 1666; x_wconf 86' lang='lat' dir='ltr'>pronunti-</span> 
     </span>
     <span class='ocr_line' id='line_1_31' title="bbox 197 1669 997 1708; baseline 0 -10"><span class='ocrx_word' id='word_1_182' title='bbox 197 1669 273 1699; x_wconf 85' lang='lat' dir='ltr'>andi</span> <span class='ocrx_word' id='word_1_183' title='bbox 288 1669 387 1699; x_wconf 91' lang='lat' dir='ltr'>ictum</span> <span class='ocrx_word' id='word_1_184' title='bbox 404 1669 519 1708; x_wconf 86' lang='lat' dir='ltr'>excipit</span> <span class='ocrx_word' id='word_1_185' title='bbox 576 1669 681 1704; x_wconf 86' lang='lat' dir='ltr'>Quam</span> <span class='ocrx_word' id='word_1_186' title='bbox 695 1670 735 1698; x_wconf 91' lang='lat' dir='ltr'>ob</span> <span class='ocrx_word' id='word_1_187' title='bbox 757 1679 882 1699; x_wconf 88' lang='lat' dir='ltr'>causam</span> <span class='ocrx_word' id='word_1_188' title='bbox 900 1680 997 1708; x_wconf 91' lang='lat' dir='ltr'>pausa</span> 
     </span>
     <span class='ocr_line' id='line_1_32' title="bbox 197 1710 994 1751; baseline 0.001 -12"><span class='ocrx_word' id='word_1_189' title='bbox 197 1710 264 1746; x_wconf 76' lang='lat' dir='ltr'>ista,</span> <span class='ocrx_word' id='word_1_190' title='bbox 287 1710 350 1751; x_wconf 70' lang='lat' dir='ltr'>qua</span> <span class='ocrx_word' id='word_1_191' title='bbox 366 1711 469 1741; x_wconf 89' lang='lat' dir='ltr'>omnis</span> <span class='ocrx_word' id='word_1_192' title='bbox 491 1711 525 1741; x_wconf 89' lang='lat' dir='ltr'>in</span> <span class='ocrx_word' id='word_1_193' title='bbox 551 1711 733 1741; x_wconf 89' lang='lat' dir='ltr'>universum</span> <span class='ocrx_word' id='word_1_194' title='bbox 748 1721 855 1741; x_wconf 82' lang='lat' dir='ltr'>versus</span> <span class='ocrx_word' id='word_1_195' title='bbox 877 1711 994 1746; x_wconf 86' lang='lat' dir='ltr'>finitur,</span> 
     </span>
     <span class='ocr_line' id='line_1_33' title="bbox 195 1752 993 1793; baseline 0 -11"><span class='ocrx_word' id='word_1_196' title='bbox 195 1752 227 1782; x_wconf 91' lang='lat' dir='ltr'>in</span> <span class='ocrx_word' id='word_1_197' title='bbox 241 1753 300 1782; x_wconf 87' lang='lat' dir='ltr'>hoc</span> <span class='ocrx_word' id='word_1_198' title='bbox 316 1763 381 1782; x_wconf 93' lang='lat' dir='ltr'>uno</span> <span class='ocrx_word' id='word_1_199' title='bbox 396 1752 502 1782; x_wconf 71' lang='lat' dir='ltr'>versus</span> <span class='ocrx_word' id='word_1_200' title='bbox 523 1763 639 1793; x_wconf 86' lang='lat' dir='ltr'>genere</span> <span class='ocrx_word' id='word_1_201' title='bbox 655 1753 758 1782; x_wconf 89' lang='lat' dir='ltr'>minor</span> <span class='ocrx_word' id='word_1_202' title='bbox 780 1763 870 1793; x_wconf 83' lang='lat' dir='ltr'>aequo</span> <span class='ocrx_word' id='word_1_203' title='bbox 892 1753 993 1789; x_wconf 85' lang='lat' dir='ltr'>suerit,</span> 
     </span>
     <span class='ocr_line' id='line_1_34' title="bbox 197 1793 992 1835; baseline 0 -11"><span class='ocrx_word' id='word_1_204' title='bbox 197 1794 258 1824; x_wconf 90' lang='lat' dir='ltr'>nisi</span> <span class='ocrx_word' id='word_1_205' title='bbox 274 1794 322 1824; x_wconf 84' lang='lat' dir='ltr'>vel</span> <span class='ocrx_word' id='word_1_206' title='bbox 338 1794 450 1824; x_wconf 88' lang='lat' dir='ltr'>ultima</span> <span class='ocrx_word' id='word_1_207' title='bbox 472 1795 590 1834; x_wconf 82' lang='lat' dir='ltr'>syllaba</span> <span class='ocrx_word' id='word_1_208' title='bbox 613 1795 652 1824; x_wconf 91' lang='lat' dir='ltr'>sit</span> <span class='ocrx_word' id='word_1_209' title='bbox 674 1794 768 1824; x_wconf 90' lang='lat' dir='ltr'>etiam</span> <span class='ocrx_word' id='word_1_210' title='bbox 791 1793 868 1824; x_wconf 74' lang='lat' dir='ltr'>alias</span> <span class='ocrx_word' id='word_1_211' title='bbox 889 1795 992 1835; x_wconf 80' lang='lat' dir='ltr'>longa,</span> 
     </span>
     <span class='ocr_line' id='line_1_35' title="bbox 195 1836 991 1875; baseline 0.001 -10"><span class='ocrx_word' id='word_1_212' title='bbox 195 1836 244 1866; x_wconf 85' lang='lat' dir='ltr'>vel</span> <span class='ocrx_word' id='word_1_213' title='bbox 260 1836 415 1866; x_wconf 87' lang='lat' dir='ltr'>sententia</span> <span class='ocrx_word' id='word_1_214' title='bbox 436 1837 503 1875; x_wconf 91' lang='lat' dir='ltr'>ipsa</span> <span class='ocrx_word' id='word_1_215' title='bbox 524 1836 619 1866; x_wconf 89' lang='lat' dir='ltr'>simul</span> <span class='ocrx_word' id='word_1_216' title='bbox 642 1846 716 1866; x_wconf 92' lang='lat' dir='ltr'>cum</span> <span class='ocrx_word' id='word_1_217' title='bbox 742 1846 833 1866; x_wconf 80' lang='lat' dir='ltr'>versu</span> <span class='ocrx_word' id='word_1_218' title='bbox 856 1836 991 1867; x_wconf 83' lang='lat' dir='ltr'>finiatur.</span> 
     </span>
     <span class='ocr_line' id='line_1_36' title="bbox 198 1877 993 1918; baseline 0.001 -11"><span class='ocrx_word' id='word_1_219' title='bbox 198 1877 294 1908; x_wconf 90' lang='lat' dir='ltr'>Hanc</span> <span class='ocrx_word' id='word_1_220' title='bbox 303 1877 410 1908; x_wconf 72' lang='lat' dir='ltr'>versus</span> <span class='ocrx_word' id='word_1_221' title='bbox 420 1880 612 1918; x_wconf 76' lang='lat' dir='ltr'>Anapaestici</span> <span class='ocrx_word' id='word_1_222' title='bbox 627 1877 849 1917; x_wconf 84' lang='lat' dir='ltr'>proprietatem</span> <span class='ocrx_word' id='word_1_223' title='bbox 872 1879 993 1917; x_wconf 90' lang='lat' dir='ltr'>primus</span> 
     </span>
     <span class='ocr_line' id='line_1_37' title="bbox 194 1919 990 1959; baseline 0 -9"><span class='ocrx_word' id='word_1_224' title='bbox 194 1926 226 1950; x_wconf 83' lang='lat' dir='ltr'>et</span> <span class='ocrx_word' id='word_1_225' title='bbox 241 1920 326 1950; x_wconf 85' lang='lat' dir='ltr'>solus</span> <span class='ocrx_word' id='word_1_226' title='bbox 345 1920 570 1950; x_wconf 89' lang='lat' dir='ltr'>Recentiorum</span> <span class='ocrx_word' id='word_1_227' title='bbox 586 1920 762 1950; x_wconf 77' lang='lat' dir='ltr'>observavit</span> <span class='ocrx_word' id='word_1_228' title='bbox 777 1919 871 1959; x_wconf 76' lang='lat' dir='ltr'>longe</span> <span class='ocrx_word' id='word_1_229' title='bbox 887 1921 990 1950; x_wconf 92' lang='lat' dir='ltr'>omni-</span> 
     </span>
     <span class='ocr_line' id='line_1_38' title="bbox 194 1961 990 1993; baseline 0.001 -2"><span class='ocrx_word' id='word_1_230' title='bbox 194 1971 250 1991; x_wconf 90' lang='lat' dir='ltr'>um</span> <span class='ocrx_word' id='word_1_231' title='bbox 269 1961 479 1992; x_wconf 88' lang='lat' dir='ltr'>Doctissimus</span> <span class='ocrx_word' id='word_1_232' title='bbox 496 1964 587 1993; x_wconf 75' lang='lat' dir='ltr'>Rich.</span> <span class='ocrx_word' id='word_1_233' title='bbox 604 1963 772 1992; x_wconf 73' lang='lat' dir='ltr'>Bentleius.</span> <span class='ocrx_word' id='word_1_234' title='bbox 800 1961 934 1992; x_wconf 86' lang='lat' dir='ltr'>Videtur</span> <span class='ocrx_word' id='word_1_235' title='bbox 945 1968 990 1992; x_wconf 86' lang='lat' dir='ltr'>ta-</span> 
     </span>
     <span class='ocr_line' id='line_1_39' title="bbox 193 2003 990 2044; baseline 0.003 -12"><span class='ocrx_word' id='word_1_236' title='bbox 193 2013 267 2033; x_wconf 90' lang='lat' dir='ltr'>men</span> <span class='ocrx_word' id='word_1_237' title='bbox 283 2004 342 2033; x_wconf 86' lang='lat' dir='ltr'>hoc</span> <span class='ocrx_word' id='word_1_238' title='bbox 358 2014 421 2033; x_wconf 91' lang='lat' dir='ltr'>non</span> <span class='ocrx_word' id='word_1_239' title='bbox 438 2003 597 2044; x_wconf 71' lang='lat' dir='ltr'>ignorasse</span> <span class='ocrx_word' id='word_1_240' title='bbox 616 2003 801 2033; x_wconf 87' lang='lat' dir='ltr'>Scholiastes</span> <span class='ocrx_word' id='word_1_241' title='bbox 813 2003 845 2033; x_wconf 88' lang='lat' dir='ltr'>in</span> <span class='ocrx_word' id='word_1_242' title='bbox 856 2006 990 2044; x_wconf 42' lang='lat' dir='ltr'>‘Escley-</span> 
     </span>
     <span class='ocr_line' id='line_1_40' title="bbox 191 2044 991 2087; baseline 0.001 -12"><span class='ocrx_word' id='word_1_243' title='bbox 191 2047 274 2081; x_wconf 86' lang='lat' dir='ltr'>lum,·</span> <span class='ocrx_word' id='word_1_244' title='bbox 301 2045 366 2080; x_wconf 81' lang='lat' dir='ltr'>Qui</span> <span class='ocrx_word' id='word_1_245' title='bbox 387 2045 426 2076; x_wconf 87' lang='lat' dir='ltr'>ad</span> <span class='ocrx_word' id='word_1_246' title='bbox 442 2056 566 2076; x_wconf 83' lang='lat' dir='ltr'>versum</span> <span class='ocrx_word' id='word_1_247' title='bbox 577 2045 680 2081; x_wconf 86' lang='lat' dir='ltr'>istum,</span> <span class='ocrx_word' id='word_1_248' title='bbox 706 2047 791 2076; x_wconf 83' lang='lat' dir='ltr'>Pers.</span> <span class='ocrx_word' id='word_1_249' title='bbox 815 2049 886 2077; x_wconf 85' lang='lat'><strong>591.</strong></span> <span class='ocrx_word' id='word_1_250' title='bbox 909 2044 991 2087; x_wconf 69' lang='grc' dir='ltr'>[ἄρξ-</span> 
     </span>
     <span class='ocr_line' id='line_1_41' title="bbox 193 2087 990 2128; baseline 0.001 -11"><span class='ocrx_word' id='word_1_251' title='bbox 193 2100 281 2121; x_wconf 68' lang='lat' dir='ltr'>oman,</span> <span class='ocrx_word' id='word_1_252' title='bbox 310 2087 475 2128; x_wconf 60' lang='grc' dir='ltr'>βασιλήω]</span> <span class='ocrx_word' id='word_1_253' title='bbox 514 2089 557 2118; x_wconf 76' lang='grc' dir='ltr'>Τὰ</span> <span class='ocrx_word' id='word_1_254' title='bbox 581 2088 703 2117; x_wconf 65' lang='grc' dir='ltr'>«τοιαῦτα</span> <span class='ocrx_word' id='word_1_255' title='bbox 730 2089 829 2118; x_wconf 62' lang='lat' dir='ltr'>ardu-ra</span> <span class='ocrx_word' id='word_1_256' title='bbox 859 2090 990 2120; x_wconf 58' lang='grc' dir='ltr'>κτητικὲ</span> 
     </span>
     <span class='ocr_line' id='line_1_42' title="bbox 194 2128 989 2171; baseline 0.003 -13"><span class='ocrx_word' id='word_1_257' title='bbox 194 2128 326 2169; x_wconf 87' lang='lat' dir='ltr'>(inquit)</span> <span class='ocrx_word' id='word_1_258' title='bbox 341 2130 451 2171; x_wconf 67' lang='grc' dir='ltr'>μακρὸν</span> <span class='ocrx_word' id='word_1_259' title='bbox 473 2130 537 2170; x_wconf 61' lang='grc' dir='ltr'><strong><em>’ἔχει</em></strong></span> <span class='ocrx_word' id='word_1_260' title='bbox 560 2129 593 2159; x_wconf 70' lang='grc' dir='ltr'>τὸ</span> <span class='ocrx_word' id='word_1_261' title='bbox 615 2134 643 2160; x_wconf 72' lang='grc' dir='ltr'>οἳ.</span> <span class='ocrx_word' id='word_1_262' title='bbox 691 2129 787 2164; x_wconf 84' lang='lat' dir='ltr'>Quod</span> <span class='ocrx_word' id='word_1_263' title='bbox 803 2131 857 2160; x_wconf 82' lang='lat' dir='ltr'>islo</span> <span class='ocrx_word' id='word_1_264' title='bbox 874 2132 905 2159; x_wconf 82' lang='lat' dir='ltr'>in</span> <span class='ocrx_word' id='word_1_265' title='bbox 927 2131 989 2160; x_wconf 87' lang='lat' dir='ltr'>loco</span> 
     </span>
     <span class='ocr_line' id='line_1_43' title="bbox 192 2171 988 2212; baseline 0.003 -12"><span class='ocrx_word' id='word_1_266' title='bbox 192 2171 294 2201; x_wconf 87' lang='lat' dir='ltr'>notari</span> <span class='ocrx_word' id='word_1_267' title='bbox 316 2172 355 2201; x_wconf 91' lang='lat' dir='ltr'>ab</span> <span class='ocrx_word' id='word_1_268' title='bbox 370 2181 408 2202; x_wconf 91' lang='lat' dir='ltr'>eo</span> <span class='ocrx_word' id='word_1_269' title='bbox 430 2182 493 2202; x_wconf 89' lang='lat' dir='ltr'>non</span> <span class='ocrx_word' id='word_1_270' title='bbox 516 2171 627 2210; x_wconf 88' lang='lat' dir='ltr'>potuit,</span> <span class='ocrx_word' id='word_1_271' title='bbox 652 2171 706 2212; x_wconf 88' lang='lat' dir='ltr'>qui</span> <span class='ocrx_word' id='word_1_272' title='bbox 721 2171 867 2201; x_wconf 89' lang='lat' dir='ltr'>ultimam</span> <span class='ocrx_word' id='word_1_273' title='bbox 883 2172 988 2212; x_wconf 89' lang='lat' dir='ltr'>cujus-</span> 
     </span>
     <span class='ocr_line' id='line_1_44' title="bbox 191 2213 904 2253; baseline 0.001 -11"><span class='ocrx_word' id='word_1_274' title='bbox 191 2223 254 2253; x_wconf 86' lang='lat' dir='ltr'>que</span> <span class='ocrx_word' id='word_1_275' title='bbox 268 2213 375 2243; x_wconf 70' lang='lat' dir='ltr'>versus</span> <span class='ocrx_word' id='word_1_276' title='bbox 389 2213 540 2253; x_wconf 84' lang='lat' dir='ltr'>syllabam</span> <span class='ocrx_word' id='word_1_277' title='bbox 554 2224 740 2244; x_wconf 85' lang='lat' dir='ltr'>communem</span> <span class='ocrx_word' id='word_1_278' title='bbox 757 2213 904 2244; x_wconf 85' lang='lat' dir='ltr'>crederet.</span> 
     </span>
    </p>

    <p class='ocr_par' dir='ltr' id='par_1_9' title="bbox 186 2254 989 2756">
     <span class='ocr_line' id='line_1_45' title="bbox 235 2254 988 2291; baseline 0 -5"><span class='ocrx_word' id='word_1_279' title='bbox 235 2258 263 2286; x_wconf 90' lang='grc'>7.</span> <span class='ocrx_word' id='word_1_280' title='bbox 290 2255 365 2285; x_wconf 83' lang='grc' dir='ltr'>Νοη</span> <span class='ocrx_word' id='word_1_281' title='bbox 380 2254 475 2286; x_wconf 70' lang='lat' dir='ltr'>modo</span> <span class='ocrx_word' id='word_1_282' title='bbox 491 2255 522 2284; x_wconf 84' lang='lat' dir='ltr'>iu</span> <span class='ocrx_word' id='word_1_283' title='bbox 536 2254 598 2285; x_wconf 86' lang='lat' dir='ltr'>fine</span> <span class='ocrx_word' id='word_1_284' title='bbox 622 2254 728 2286; x_wconf 65' lang='lat' dir='ltr'>Versus</span> <span class='ocrx_word' id='word_1_285' title='bbox 744 2261 799 2285; x_wconf 88' lang='lat' dir='ltr'>aut</span> <span class='ocrx_word' id='word_1_286' title='bbox 817 2258 988 2291; x_wconf 79' lang='lat' dir='ltr'>Scutentiae,</span> 
     </span>
     <span class='ocr_line' id='line_1_46' title="bbox 191 2296 988 2338; baseline 0.003 -12"><span class='ocrx_word' id='word_1_287' title='bbox 191 2296 244 2326; x_wconf 90' lang='lat' dir='ltr'>sed</span> <span class='ocrx_word' id='word_1_288' title='bbox 261 2296 356 2326; x_wconf 87' lang='lat' dir='ltr'>etiam</span> <span class='ocrx_word' id='word_1_289' title='bbox 372 2297 405 2326; x_wconf 91' lang='lat' dir='ltr'>in</span> <span class='ocrx_word' id='word_1_290' title='bbox 421 2297 484 2327; x_wconf 82' lang='lat' dir='ltr'>fine</span> <span class='ocrx_word' id='word_1_291' title='bbox 507 2299 600 2333; x_wconf 79' lang='lat' dir='ltr'>Vocis,</span> <span class='ocrx_word' id='word_1_292' title='bbox 624 2303 749 2336; x_wconf 84' lang='lat' dir='ltr'>propter</span> <span class='ocrx_word' id='word_1_293' title='bbox 767 2297 904 2327; x_wconf 86' lang='lat' dir='ltr'>Pansam</span> <span class='ocrx_word' id='word_1_294' title='bbox 926 2298 988 2338; x_wconf 71' lang='lat' dir='ltr'>qua</span> 
     </span>
     <span class='ocr_line' id='line_1_47' title="bbox 192 2337 987 2380; baseline 0.003 -12"><span class='ocrx_word' id='word_1_295' title='bbox 192 2348 250 2369; x_wconf 79' lang='lat' dir='ltr'>vox</span> <span class='ocrx_word' id='word_1_296' title='bbox 266 2337 383 2374; x_wconf 85' lang='lat' dir='ltr'>finitur,</span> <span class='ocrx_word' id='word_1_297' title='bbox 407 2339 526 2378; x_wconf 81' lang='lat' dir='ltr'>syllaba</span> <span class='ocrx_word' id='word_1_298' title='bbox 540 2339 658 2380; x_wconf 85' lang='lat' dir='ltr'>alioqui</span> <span class='ocrx_word' id='word_1_299' title='bbox 673 2339 774 2369; x_wconf 85' lang='lat' dir='ltr'>brevis</span> <span class='ocrx_word' id='word_1_300' title='bbox 785 2339 916 2378; x_wconf 89' lang='lat' dir='ltr'>produci</span> <span class='ocrx_word' id='word_1_301' title='bbox 931 2350 987 2378; x_wconf 87' lang='lat' dir='ltr'>po·</span> 
     </span>
     <span class='ocr_line' id='line_1_48' title="bbox 191 2380 989 2420; baseline 0.001 -10"><span class='ocrx_word' id='word_1_302' title='bbox 191 2385 260 2410; x_wconf 80' lang='lat' dir='ltr'>test.</span> <span class='ocrx_word' id='word_1_303' title='bbox 287 2380 340 2416; x_wconf 85' lang='lat' dir='ltr'>Ut,</span> <span class='ocrx_word' id='word_1_304' title='bbox 356 2384 442 2416; x_wconf 78' lang='grc' dir='ltr'>βιλὸς</span> <span class='ocrx_word' id='word_1_305' title='bbox 460 2382 666 2420; x_wconf 62' lang='grc' dir='ltr'>ίχιπινιιὶς-.</span> <span class='ocrx_word' id='word_1_306' title='bbox 701 2381 797 2416; x_wconf 85' lang='lat' dir='ltr'>Quod</span> <span class='ocrx_word' id='word_1_307' title='bbox 813 2381 931 2412; x_wconf 88' lang='lat' dir='ltr'>scilicet</span> <span class='ocrx_word' id='word_1_308' title='bbox 947 2381 989 2411; x_wconf 75' lang='lat' dir='ltr'>ita</span> 
     </span>
     <span class='ocr_line' id='line_1_49' title="bbox 191 2420 987 2462; baseline 0.004 -11"><span class='ocrx_word' id='word_1_309' title='bbox 191 2420 256 2453; x_wconf 65' lang='lat' dir='ltr'>fere</span> <span class='ocrx_word' id='word_1_310' title='bbox 271 2421 541 2461; x_wconf 85' lang='lat' dir='ltr'>pronuntiabatur,</span> <span class='ocrx_word' id='word_1_311' title='bbox 559 2433 594 2453; x_wconf 88' lang='lat' dir='ltr'>ac</span> <span class='ocrx_word' id='word_1_312' title='bbox 607 2423 632 2453; x_wconf 94' lang='lat' dir='ltr'>si</span> <span class='ocrx_word' id='word_1_313' title='bbox 645 2422 795 2462; x_wconf 89' lang='lat' dir='ltr'>scriptum</span> <span class='ocrx_word' id='word_1_314' title='bbox 810 2423 928 2459; x_wconf 83' lang='lat' dir='ltr'>fuisset,</span> <span class='ocrx_word' id='word_1_315' title='bbox 939 2425 987 2454; x_wconf 81' lang='lat' dir='ltr'>be-</span> 
     </span>
     <span class='ocr_line' id='line_1_50' title="bbox 189 2463 986 2504; baseline 0.001 -10"><span class='ocrx_word' id='word_1_316' title='bbox 189 2466 256 2494; x_wconf 71' lang='grc' dir='ltr'>[ωε.</span> <span class='ocrx_word' id='word_1_317' title='bbox 283 2463 414 2494; x_wconf 86' lang='lat' dir='ltr'>Etenim</span> <span class='ocrx_word' id='word_1_318' title='bbox 429 2466 532 2496; x_wconf 84' lang='lat' dir='ltr'>Graeci</span> <span class='ocrx_word' id='word_1_319' title='bbox 542 2464 667 2503; x_wconf 75' lang='lat' dir='ltr'>plenius</span> <span class='ocrx_word' id='word_1_320' title='bbox 676 2471 707 2495; x_wconf 83' lang='lat' dir='ltr'>et</span> <span class='ocrx_word' id='word_1_321' title='bbox 722 2465 912 2504; x_wconf 88' lang='lat' dir='ltr'>productiori</span> <span class='ocrx_word' id='word_1_322' title='bbox 925 2466 986 2504; x_wconf 89' lang='lat' dir='ltr'>spi-</span> 
     </span>
     <span class='ocr_line' id='line_1_51' title="bbox 191 2504 986 2547; baseline 0.003 -12"><span class='ocrx_word' id='word_1_323' title='bbox 191 2505 263 2541; x_wconf 90' lang='lat' dir='ltr'>ritu,</span> <span class='ocrx_word' id='word_1_324' title='bbox 280 2504 375 2546; x_wconf 65' lang='lat' dir='ltr'>quam</span> <span class='ocrx_word' id='word_1_325' title='bbox 393 2508 535 2541; x_wconf 80' lang='lat' dir='ltr'>Romani,</span> <span class='ocrx_word' id='word_1_326' title='bbox 560 2507 692 2545; x_wconf 75' lang='lat' dir='ltr'>syllabas</span> <span class='ocrx_word' id='word_1_327' title='bbox 714 2507 856 2547; x_wconf 82' lang='lat' dir='ltr'>singulas</span> <span class='ocrx_word' id='word_1_328' title='bbox 878 2508 986 2537; x_wconf 81' lang='lat' dir='ltr'>effere—</span> 
     </span>
     <span class='ocr_line' id='line_1_52' title="bbox 190 2547 986 2588; baseline 0 -10"><span class='ocrx_word' id='word_1_329' title='bbox 190 2549 276 2578; x_wconf 85' lang='lat' dir='ltr'>bant.</span> <span class='ocrx_word' id='word_1_330' title='bbox 303 2548 343 2578; x_wconf 89' lang='lat' dir='ltr'>Id</span> <span class='ocrx_word' id='word_1_331' title='bbox 356 2548 440 2588; x_wconf 86' lang='lat' dir='ltr'>quod</span> <span class='ocrx_word' id='word_1_332' title='bbox 449 2558 487 2578; x_wconf 87' lang='lat' dir='ltr'>ex</span> <span class='ocrx_word' id='word_1_333' title='bbox 500 2547 653 2588; x_wconf 85' lang='lat' dir='ltr'>eoliquet,</span> <span class='ocrx_word' id='word_1_334' title='bbox 670 2548 754 2588; x_wconf 77' lang='lat' dir='ltr'>quod</span> <span class='ocrx_word' id='word_1_335' title='bbox 769 2551 872 2579; x_wconf 82' lang='lat' dir='ltr'>Grceci</span> <span class='ocrx_word' id='word_1_336' title='bbox 887 2549 986 2579; x_wconf 59' lang='lat' dir='ltr'>Vocm</span> 
     </span>
     <span class='ocr_line' id='line_1_53' title="bbox 188 2589 986 2625; baseline 0.003 -6"><span class='ocrx_word' id='word_1_337' title='bbox 188 2589 234 2620; x_wconf 87' lang='lat' dir='ltr'>les</span> <span class='ocrx_word' id='word_1_338' title='bbox 249 2590 343 2621; x_wconf 87' lang='lat' dir='ltr'>etiam</span> <span class='ocrx_word' id='word_1_339' title='bbox 359 2592 465 2625; x_wconf 75' lang='lat' dir='ltr'>breves,</span> <span class='ocrx_word' id='word_1_340' title='bbox 490 2589 522 2619; x_wconf 90' lang='lat' dir='ltr'>in</span> <span class='ocrx_word' id='word_1_341' title='bbox 542 2590 670 2620; x_wconf 88' lang='lat' dir='ltr'>diversis</span> <span class='ocrx_word' id='word_1_342' title='bbox 685 2591 843 2621; x_wconf 79' lang='lat' dir='ltr'>vocabulis</span> <span class='ocrx_word' id='word_1_343' title='bbox 855 2601 986 2621; x_wconf 91' lang='lat' dir='ltr'>concur-</span> 
     </span>
     <span class='ocr_line' id='line_1_54' title="bbox 188 2631 987 2672; baseline 0.001 -10"><span class='ocrx_word' id='word_1_344' title='bbox 188 2638 301 2667; x_wconf 85' lang='lat' dir='ltr'>rentes,</span> <span class='ocrx_word' id='word_1_345' title='bbox 317 2633 430 2672; x_wconf 67' lang='lat' dir='ltr'>saepinis</span> <span class='ocrx_word' id='word_1_346' title='bbox 446 2642 509 2662; x_wconf 91' lang='lat' dir='ltr'>non</span> <span class='ocrx_word' id='word_1_347' title='bbox 526 2631 645 2662; x_wconf 82' lang='lat' dir='ltr'>elidant</span> <span class='ocrx_word' id='word_1_348' title='bbox 652 2645 662 2670; x_wconf 87' lang='lat'>;</span> <span class='ocrx_word' id='word_1_349' title='bbox 686 2631 759 2663; x_wconf 73' lang='lat' dir='ltr'>cum</span> <span class='ocrx_word' id='word_1_350' title='bbox 774 2635 910 2664; x_wconf 81' lang='lat' dir='ltr'>Romani</span> <span class='ocrx_word' id='word_1_351' title='bbox 925 2644 987 2664; x_wconf 90' lang='lat' dir='ltr'>non</span> 
     </span>
     <span class='ocr_line' id='line_1_55' title="bbox 187 2673 987 2713; baseline 0.001 -8"><span class='ocrx_word' id='word_1_352' title='bbox 187 2674 287 2705; x_wconf 73' lang='lat' dir='ltr'>breves</span> <span class='ocrx_word' id='word_1_353' title='bbox 296 2673 398 2710; x_wconf 72' lang='lat' dir='ltr'>modo,</span> <span class='ocrx_word' id='word_1_354' title='bbox 408 2674 461 2704; x_wconf 85' lang='lat' dir='ltr'>sed</span> <span class='ocrx_word' id='word_1_355' title='bbox 474 2680 505 2704; x_wconf 87' lang='lat' dir='ltr'>et</span> <span class='ocrx_word' id='word_1_356' title='bbox 513 2675 619 2713; x_wconf 68' lang='lat' dir='ltr'>langas</span> <span class='ocrx_word' id='word_1_357' title='bbox 629 2685 744 2713; x_wconf 88' lang='lat' dir='ltr'>semper</span> <span class='ocrx_word' id='word_1_358' title='bbox 750 2686 859 2710; x_wconf 84' lang='lat' dir='ltr'>omnes,</span> <span class='ocrx_word' id='word_1_359' title='bbox 870 2682 900 2705; x_wconf 86' lang='lat' dir='ltr'>et</span> <span class='ocrx_word' id='word_1_360' title='bbox 910 2678 987 2706; x_wconf 82' lang='lat' dir='ltr'>Con-</span> 
     </span>
     <span class='ocr_line' id='line_1_56' title="bbox 186 2715 987 2756; baseline 0.001 -10"><span class='ocrx_word' id='word_1_361' title='bbox 186 2722 342 2747; x_wconf 74' lang='lat' dir='ltr'>sonaneem</span> <span class='ocrx_word' id='word_1_362' title='bbox 356 2716 484 2755; x_wconf 89' lang='lat' dir='ltr'>insuper</span> <span class='ocrx_word' id='word_1_363' title='bbox 494 2727 532 2751; x_wconf 86' lang='lat' dir='ltr'>m,</span> <span class='ocrx_word' id='word_1_364' title='bbox 543 2723 575 2746; x_wconf 85' lang='lat' dir='ltr'>et</span> <span class='ocrx_word' id='word_1_365' title='bbox 584 2715 660 2746; x_wconf 90' lang='lat' dir='ltr'>olim</span> <span class='ocrx_word' id='word_1_366' title='bbox 671 2727 685 2746; x_wconf 83' lang='lat' dir='ltr'>s</span> <span class='ocrx_word' id='word_1_367' title='bbox 697 2727 821 2756; x_wconf 89' lang='lat' dir='ltr'>quoque</span> <span class='ocrx_word' id='word_1_368' title='bbox 833 2717 987 2747; x_wconf 85' lang='lat' dir='ltr'>eliderint.</span> 
     </span>
    </p>

    <p class='ocr_par' dir='ltr' id='par_1_10' title="bbox 186 2757 989 2996">
     <span class='ocr_line' id='line_1_57' title="bbox 231 2757 989 2799; baseline 0.001 -11"><span class='ocrx_word' id='word_1_369' title='bbox 231 2760 261 2788; x_wconf 87' lang='grc'>8.</span> <span class='ocrx_word' id='word_1_370' title='bbox 281 2757 333 2788; x_wconf 86' lang='lat' dir='ltr'>Fit</span> <span class='ocrx_word' id='word_1_371' title='bbox 347 2758 406 2788; x_wconf 85' lang='lat' dir='ltr'>hoc</span> <span class='ocrx_word' id='word_1_372' title='bbox 421 2757 578 2797; x_wconf 71' lang='lat' dir='ltr'>praecipue</span> <span class='ocrx_word' id='word_1_373' title='bbox 594 2758 626 2787; x_wconf 93' lang='lat' dir='ltr'>in</span> <span class='ocrx_word' id='word_1_374' title='bbox 645 2757 779 2794; x_wconf 74' lang='lat' dir='ltr'>Caesurci,</span> <span class='ocrx_word' id='word_1_375' title='bbox 800 2759 874 2799; x_wconf 82' lang='lat' dir='ltr'>quia</span> <span class='ocrx_word' id='word_1_376' title='bbox 889 2759 989 2799; x_wconf 87' lang='lat' dir='ltr'>major</span> 
     </span>
     <span class='ocr_line' id='line_1_58' title="bbox 188 2799 986 2839; baseline 0.001 -10"><span class='ocrx_word' id='word_1_377' title='bbox 188 2808 228 2829; x_wconf 82' lang='lat' dir='ltr'>eo</span> <span class='ocrx_word' id='word_1_378' title='bbox 249 2799 362 2830; x_wconf 83' lang='lat' dir='ltr'>incidit</span> <span class='ocrx_word' id='word_1_379' title='bbox 390 2799 658 2839; x_wconf 83' lang='lat' dir='ltr'>pronuntiationis</span> <span class='ocrx_word' id='word_1_380' title='bbox 686 2800 776 2830; x_wconf 86' lang='lat' dir='ltr'>ictus.</span> <span class='ocrx_word' id='word_1_381' title='bbox 834 2800 917 2831; x_wconf 87' lang='lat' dir='ltr'>Fieri</span> <span class='ocrx_word' id='word_1_382' title='bbox 940 2807 986 2831; x_wconf 84' lang='lat' dir='ltr'>ta-</span> 
     </span>
     <span class='ocr_line' id='line_1_59' title="bbox 188 2841 988 2880; baseline 0.005 -10"><span class='ocrx_word' id='word_1_383' title='bbox 188 2851 262 2871; x_wconf 87' lang='lat' dir='ltr'>men</span> <span class='ocrx_word' id='word_1_384' title='bbox 281 2847 382 2880; x_wconf 71' lang='lat' dir='ltr'>potest</span> <span class='ocrx_word' id='word_1_385' title='bbox 393 2841 489 2872; x_wconf 87' lang='lat' dir='ltr'>etiam</span> <span class='ocrx_word' id='word_1_386' title='bbox 502 2848 586 2873; x_wconf 66' lang='grc' dir='ltr'><em>στιν-α</em></span> <span class='ocrx_word' id='word_1_387' title='bbox 603 2845 766 2878; x_wconf 76' lang='lat' dir='ltr'>Caesuram,</span> <span class='ocrx_word' id='word_1_388' title='bbox 775 2842 800 2871; x_wconf 87' lang='lat' dir='ltr'>si</span> <span class='ocrx_word' id='word_1_389' title='bbox 814 2845 988 2874; x_wconf 75' lang='lat' dir='ltr'>Consanum</span> 
     </span>
     <span class='ocr_line' id='line_1_60' title="bbox 187 2883 986 2923; baseline 0.004 -11"><span class='ocrx_word' id='word_1_390' title='bbox 187 2883 229 2913; x_wconf 83' lang='lat' dir='ltr'>sit</span> <span class='ocrx_word' id='word_1_391' title='bbox 244 2883 356 2914; x_wconf 70' lang='lat' dir='ltr'>natura</span> <span class='ocrx_word' id='word_1_392' title='bbox 370 2886 488 2919; x_wconf 82' lang='lat' dir='ltr'>durior,</span> <span class='ocrx_word' id='word_1_393' title='bbox 505 2890 535 2914; x_wconf 83' lang='lat' dir='ltr'>et</span> <span class='ocrx_word' id='word_1_394' title='bbox 549 2885 708 2923; x_wconf 83' lang='lat' dir='ltr'>duplicari</span> <span class='ocrx_word' id='word_1_395' title='bbox 725 2885 835 2921; x_wconf 84' lang='lat' dir='ltr'>solita;</span> <span class='ocrx_word' id='word_1_396' title='bbox 858 2884 907 2914; x_wconf 82' lang='lat' dir='ltr'>vel</span> <span class='ocrx_word' id='word_1_397' title='bbox 931 2887 986 2915; x_wconf 80' lang='lat' dir='ltr'>Vo-</span> 
     </span>
     <span class='ocr_line' id='line_1_61' title="bbox 186 2925 986 2996; baseline 0.001 -41"><span class='ocrx_word' id='word_1_398' title='bbox 186 2926 263 2996; x_wconf 54' lang='lat' dir='ltr'>‘gili&#39;</span> <span class='ocrx_word' id='word_1_399' title='bbox 274 2931 423 2967; x_wconf 77' lang='lat' dir='ltr'>sequatur</span> <span class='ocrx_word' id='word_1_400' title='bbox 432 2927 581 2965; x_wconf 80' lang='lat' dir='ltr'>aspirata.</span> <span class='ocrx_word' id='word_1_401' title='bbox 602 2925 655 2962; x_wconf 84' lang='lat' dir='ltr'>Ut,</span> <span class='ocrx_word' id='word_1_402' title='bbox 668 2927 770 2969; x_wconf 66' lang='grc' dir='ltr'><em>Λίνηὶς</em></span> <span class='ocrx_word' id='word_1_403' title='bbox 782 2927 806 2957; x_wconf 78' lang='grc' dir='ltr'>ω’</span> <span class='ocrx_word' id='word_1_404' title='bbox 818 2929 986 2969; x_wconf 66' lang='grc' dir='ltr'><strong><em>Προῖτος-.</em></strong></span> 
     </span>
    </p>

    <p class='ocr_par' dir='ltr' id='par_1_11' title="bbox 226 2977 286 3003">
     <span class='ocr_line' id='line_1_62' title="bbox 226 2977 286 3003; baseline 0 -7"><span class='ocrx_word' id='word_1_405' title='bbox 226 2977 286 3003; x_wconf 81' lang='lat' dir='ltr'>am,</span> 
     </span>
    </p>
   </div>
   <div class='ocr_carea' id='block_1_7' title="bbox 1019 708 1834 3014">
    <p class='ocr_par' dir='ltr' id='par_1_12' title="bbox 1035 708 1834 956">
     <span class='ocr_line' id='line_1_63' title="bbox 1080 708 1834 752; baseline 0.005 -14"><span class='ocrx_word' id='word_1_406' title='bbox 1080 712 1108 739; x_wconf 87' lang='lat'>9.</span> <span class='ocrx_word' id='word_1_407' title='bbox 1127 708 1171 738; x_wconf 85' lang='lat' dir='ltr'>Et</span> <span class='ocrx_word' id='word_1_408' title='bbox 1179 714 1304 747; x_wconf 83' lang='lat' dir='ltr'>propter</span> <span class='ocrx_word' id='word_1_409' title='bbox 1317 708 1550 738; x_wconf 82' lang='lat' dir='ltr'>consonantem</span> <span class='ocrx_word' id='word_1_410' title='bbox 1562 712 1752 748; x_wconf 76' lang='lat' dir='ltr'>asperiorem,</span> <span class='ocrx_word' id='word_1_411' title='bbox 1763 722 1834 752; x_wconf 86' lang='lat' dir='ltr'>quae</span> 
     </span>
     <span class='ocr_line' id='line_1_64' title="bbox 1036 749 1833 794; baseline 0.005 -15"><span class='ocrx_word' id='word_1_412' title='bbox 1036 752 1127 788; x_wconf 76' lang='lat' dir='ltr'>quasi</span> <span class='ocrx_word' id='word_1_413' title='bbox 1140 752 1250 789; x_wconf 69' lang='lat' dir='ltr'>duplet</span> <span class='ocrx_word' id='word_1_414' title='bbox 1266 749 1368 780; x_wconf 81' lang='lat' dir='ltr'>efferri</span> <span class='ocrx_word' id='word_1_415' title='bbox 1391 750 1482 779; x_wconf 87' lang='lat' dir='ltr'>solita</span> <span class='ocrx_word' id='word_1_416' title='bbox 1504 751 1551 785; x_wconf 88' lang='lat' dir='ltr'>sit,</span> <span class='ocrx_word' id='word_1_417' title='bbox 1576 751 1695 790; x_wconf 87' lang='lat' dir='ltr'>syllaba</span> <span class='ocrx_word' id='word_1_418' title='bbox 1716 753 1833 794; x_wconf 90' lang='lat' dir='ltr'>alioqui</span> 
     </span>
     <span class='ocr_line' id='line_1_65' title="bbox 1038 792 1832 833; baseline 0.005 -12"><span class='ocrx_word' id='word_1_419' title='bbox 1038 792 1145 826; x_wconf 86' lang='lat' dir='ltr'>brevis,</span> <span class='ocrx_word' id='word_1_420' title='bbox 1159 792 1253 821; x_wconf 85' lang='lat' dir='ltr'>etiam</span> <span class='ocrx_word' id='word_1_421' title='bbox 1269 803 1329 822; x_wconf 89' lang='lat' dir='ltr'>non</span> <span class='ocrx_word' id='word_1_422' title='bbox 1345 794 1378 821; x_wconf 83' lang='lat' dir='ltr'>in</span> <span class='ocrx_word' id='word_1_423' title='bbox 1383 794 1456 833; x_wconf 81' lang='lat' dir='ltr'>fine</span> <span class='ocrx_word' id='word_1_424' title='bbox 1471 795 1558 827; x_wconf 83' lang='lat' dir='ltr'>vocis,</span> <span class='ocrx_word' id='word_1_425' title='bbox 1576 793 1705 831; x_wconf 87' lang='lat' dir='ltr'>produci</span> <span class='ocrx_word' id='word_1_426' title='bbox 1721 802 1832 833; x_wconf 87' lang='lat' dir='ltr'>potest.</span> 
     </span>
     <span class='ocr_line' id='line_1_66' title="bbox 1041 833 1833 875; baseline 0.005 -12"><span class='ocrx_word' id='word_1_427' title='bbox 1041 833 1093 868; x_wconf 82' lang='lat' dir='ltr'>Ut,</span> <span class='ocrx_word' id='word_1_428' title='bbox 1121 833 1216 875; x_wconf 61' lang='grc' dir='ltr'><strong>Ἄρις.</strong></span> <span class='ocrx_word' id='word_1_429' title='bbox 1234 834 1329 875; x_wconf 61' lang='grc' dir='ltr'><em>Ἀρες,</em></span> <span class='ocrx_word' id='word_1_430' title='bbox 1353 836 1531 874; x_wconf 65' lang='grc' dir='ltr'>Βροτολοιγὶ,</span> <span class='ocrx_word' id='word_1_431' title='bbox 1618 858 1625 864; x_wconf 93' lang='grc'><strong>.</strong></span> <span class='ocrx_word' id='word_1_432' title='bbox 1673 836 1732 866; x_wconf 84' lang='lat' dir='ltr'>Est</span> <span class='ocrx_word' id='word_1_433' title='bbox 1747 838 1833 867; x_wconf 83' lang='lat' dir='ltr'>enim</span> 
     </span>
     <span class='ocr_line' id='line_1_67' title="bbox 1038 874 1833 916; baseline 0.008 -13"><span class='ocrx_word' id='word_1_434' title='bbox 1038 874 1125 904; x_wconf 91' lang='lat' dir='ltr'>litera</span> <span class='ocrx_word' id='word_1_435' title='bbox 1149 876 1385 916; x_wconf 51' lang='lat' dir='ltr'>(pronuntiatu</span> <span class='ocrx_word' id='word_1_436' title='bbox 1411 875 1590 913; x_wconf 80' lang='lat' dir='ltr'>asperrima,</span> <span class='ocrx_word' id='word_1_437' title='bbox 1624 884 1655 906; x_wconf 88' lang='lat' dir='ltr'>et</span> <span class='ocrx_word' id='word_1_438' title='bbox 1682 878 1833 909; x_wconf 68' lang='lat' dir='ltr'>facillime</span> 
     </span>
     <span class='ocr_line' id='line_1_68' title="bbox 1035 915 1495 956; baseline 0.004 -11"><span class='ocrx_word' id='word_1_439' title='bbox 1035 915 1232 955; x_wconf 86' lang='lat' dir='ltr'>duplicatur:</span> <span class='ocrx_word' id='word_1_440' title='bbox 1263 917 1308 946; x_wconf 90' lang='lat' dir='ltr'>Ut</span> <span class='ocrx_word' id='word_1_441' title='bbox 1321 917 1383 956; x_wconf 76' lang='grc' dir='ltr'>ῥίω,</span> <span class='ocrx_word' id='word_1_442' title='bbox 1405 917 1495 956; x_wconf 74' lang='grc' dir='ltr'><strong><em>ἰ’ρῤιον.</em></strong></span> 
     </span>
    </p>

    <p class='ocr_par' dir='ltr' id='par_1_13' title="bbox 1034 958 1833 1250">
     <span class='ocr_line' id='line_1_69' title="bbox 1081 958 1833 998; baseline 0.007 -11"><span class='ocrx_word' id='word_1_443' title='bbox 1081 961 1127 988; x_wconf 92' lang='lat'>10.</span> <span class='ocrx_word' id='word_1_444' title='bbox 1147 958 1190 988; x_wconf 84' lang='lat' dir='ltr'>Et</span> <span class='ocrx_word' id='word_1_445' title='bbox 1205 965 1331 997; x_wconf 89' lang='lat' dir='ltr'>propter</span> <span class='ocrx_word' id='word_1_446' title='bbox 1345 959 1497 988; x_wconf 78' lang='lat' dir='ltr'>Vocalem</span> <span class='ocrx_word' id='word_1_447' title='bbox 1515 961 1694 998; x_wconf 80' lang='lat' dir='ltr'>Aspiratam</span> <span class='ocrx_word' id='word_1_448' title='bbox 1708 961 1741 991; x_wconf 88' lang='lat' dir='ltr'>in</span> <span class='ocrx_word' id='word_1_449' title='bbox 1758 973 1833 993; x_wconf 76' lang='lat' dir='ltr'>voce</span> 
     </span>
     <span class='ocr_line' id='line_1_70' title="bbox 1034 998 1831 1042; baseline 0.008 -14"><span class='ocrx_word' id='word_1_450' title='bbox 1034 998 1177 1038; x_wconf 72' lang='lat' dir='ltr'>proxima</span> <span class='ocrx_word' id='word_1_451' title='bbox 1193 1006 1384 1040; x_wconf 88' lang='lat' dir='ltr'>sequentem,</span> <span class='ocrx_word' id='word_1_452' title='bbox 1403 1001 1516 1030; x_wconf 87' lang='lat' dir='ltr'>ultima</span> <span class='ocrx_word' id='word_1_453' title='bbox 1539 1003 1743 1040; x_wconf 68' lang='lat' dir='ltr'>praecedentis</span> <span class='ocrx_word' id='word_1_454' title='bbox 1759 1015 1831 1042; x_wconf 87' lang='lat' dir='ltr'>pro-</span> 
     </span>
     <span class='ocr_line' id='line_1_71' title="bbox 1035 1041 1830 1083; baseline 0.006 -12"><span class='ocrx_word' id='word_1_455' title='bbox 1035 1041 1108 1072; x_wconf 89' lang='lat' dir='ltr'>duci</span> <span class='ocrx_word' id='word_1_456' title='bbox 1130 1047 1240 1080; x_wconf 84' lang='lat' dir='ltr'>potest.</span> <span class='ocrx_word' id='word_1_457' title='bbox 1288 1042 1422 1080; x_wconf 86' lang='lat' dir='ltr'>Spiritus</span> <span class='ocrx_word' id='word_1_458' title='bbox 1445 1043 1530 1072; x_wconf 89' lang='lat' dir='ltr'>enim</span> <span class='ocrx_word' id='word_1_459' title='bbox 1553 1055 1641 1082; x_wconf 85' lang='lat' dir='ltr'>asper</span> <span class='ocrx_word' id='word_1_460' title='bbox 1657 1056 1738 1083; x_wconf 85' lang='lat' dir='ltr'>saepe</span> <span class='ocrx_word' id='word_1_461' title='bbox 1761 1053 1830 1076; x_wconf 85' lang='lat' dir='ltr'>tan-</span> 
     </span>
     <span class='ocr_line' id='line_1_72' title="bbox 1034 1085 1832 1127; baseline 0.006 -14"><span class='ocrx_word' id='word_1_462' title='bbox 1034 1094 1129 1123; x_wconf 89' lang='lat' dir='ltr'>quam</span> <span class='ocrx_word' id='word_1_463' title='bbox 1147 1086 1319 1114; x_wconf 81' lang='lat' dir='ltr'>Consonans</span> <span class='ocrx_word' id='word_1_464' title='bbox 1334 1085 1604 1123; x_wconf 84' lang='lat' dir='ltr'>pronuntiabatur,</span> <span class='ocrx_word' id='word_1_465' title='bbox 1622 1087 1670 1116; x_wconf 79' lang='lat' dir='ltr'>vel</span> <span class='ocrx_word' id='word_1_466' title='bbox 1683 1094 1832 1127; x_wconf 80' lang='lat' dir='ltr'>tanquam</span> 
     </span>
     <span class='ocr_line' id='line_1_73' title="bbox 1034 1126 1831 1170; baseline 0.004 -14"><span class='ocrx_word' id='word_1_467' title='bbox 1034 1127 1190 1156; x_wconf 83' lang='lat' dir='ltr'>AEolicum</span> <span class='ocrx_word' id='word_1_468' title='bbox 1214 1127 1394 1165; x_wconf 80' lang='lat' dir='ltr'>Digamma.</span> <span class='ocrx_word' id='word_1_469' title='bbox 1451 1126 1613 1166; x_wconf 55' lang='grc' dir='ltr'>Πμ-φιλὶ</span> <span class='ocrx_word' id='word_1_470' title='bbox 1641 1129 1730 1170; x_wconf 69' lang='grc' dir='ltr'>ἰκυρὶ,</span> <span class='ocrx_word' id='word_1_471' title='bbox 1754 1129 1831 1163; x_wconf 54' lang='lat' dir='ltr'>zon}</span> 
     </span>
     <span class='ocr_line' id='line_1_74' title="bbox 1035 1166 1831 1210; baseline 0.006 -14"><span class='ocrx_word' id='word_1_472' title='bbox 1035 1180 1077 1196; x_wconf 65' lang='grc' dir='ltr'>τε.</span> <span class='ocrx_word' id='word_1_473' title='bbox 1132 1167 1314 1207; x_wconf 82' lang='lat' dir='ltr'>Legebatur</span> <span class='ocrx_word' id='word_1_474' title='bbox 1339 1166 1412 1202; x_wconf 73' lang='lat' dir='ltr'>sere,</span> <span class='ocrx_word' id='word_1_475' title='bbox 1446 1174 1596 1208; x_wconf 85' lang='lat' dir='ltr'>tanquam</span> <span class='ocrx_word' id='word_1_476' title='bbox 1627 1170 1651 1199; x_wconf 92' lang='lat' dir='ltr'>si</span> <span class='ocrx_word' id='word_1_477' title='bbox 1678 1171 1831 1210; x_wconf 88' lang='lat' dir='ltr'>scriptum</span> 
     </span>
     <span class='ocr_line' id='line_1_75' title="bbox 1034 1208 1545 1250; baseline 0.004 -12"><span class='ocrx_word' id='word_1_478' title='bbox 1034 1209 1150 1243; x_wconf 81' lang='lat' dir='ltr'>fuisset,</span> <span class='ocrx_word' id='word_1_479' title='bbox 1176 1209 1285 1248; x_wconf 77' lang='grc' dir='ltr'><strong><em>φιλὶφφ</em></strong></span> <span class='ocrx_word' id='word_1_480' title='bbox 1303 1208 1394 1250; x_wconf 67' lang='grc' dir='ltr'>ἑκυρὶδ</span> <span class='ocrx_word' id='word_1_481' title='bbox 1410 1208 1488 1243; x_wconf 53' lang='lat' dir='ltr'>Reno}</span> <span class='ocrx_word' id='word_1_482' title='bbox 1507 1223 1545 1240; x_wconf 77' lang='grc' dir='ltr'>τε.</span> 
     </span>
    </p>

    <p class='ocr_par' dir='ltr' id='par_1_14' title="bbox 1030 1251 1831 1622">
     <span class='ocr_line' id='line_1_76' title="bbox 1078 1251 1831 1292; baseline 0.007 -12"><span class='ocrx_word' id='word_1_483' title='bbox 1078 1253 1125 1281; x_wconf 92' lang='grc'>11.</span> <span class='ocrx_word' id='word_1_484' title='bbox 1142 1251 1230 1286; x_wconf 83' lang='lat' dir='ltr'>Quin</span> <span class='ocrx_word' id='word_1_485' title='bbox 1246 1257 1276 1281; x_wconf 89' lang='lat' dir='ltr'>et</span> <span class='ocrx_word' id='word_1_486' title='bbox 1285 1253 1480 1291; x_wconf 62' lang='lat' dir='ltr'>Dipla&#39;lzongi</span> <span class='ocrx_word' id='word_1_487' title='bbox 1494 1252 1647 1292; x_wconf 78' lang='lat' dir='ltr'>quaedam,</span> <span class='ocrx_word' id='word_1_488' title='bbox 1657 1254 1751 1284; x_wconf 82' lang='lat' dir='ltr'>etiam</span> <span class='ocrx_word' id='word_1_489' title='bbox 1766 1257 1831 1286; x_wconf 82' lang='lat' dir='ltr'>sine</span> 
     </span>
     <span class='ocr_line' id='line_1_77' title="bbox 1032 1292 1830 1333; baseline 0.006 -11"><span class='ocrx_word' id='word_1_490' title='bbox 1032 1295 1142 1332; x_wconf 84' lang='lat' dir='ltr'>spiritu</span> <span class='ocrx_word' id='word_1_491' title='bbox 1152 1304 1266 1332; x_wconf 84' lang='lat' dir='ltr'>aspero,</span> <span class='ocrx_word' id='word_1_492' title='bbox 1279 1292 1344 1323; x_wconf 76' lang='lat' dir='ltr'>fere</span> <span class='ocrx_word' id='word_1_493' title='bbox 1352 1299 1502 1333; x_wconf 85' lang='lat' dir='ltr'>tanquam</span> <span class='ocrx_word' id='word_1_494' title='bbox 1511 1296 1646 1333; x_wconf 78' lang='lat' dir='ltr'>duplices</span> <span class='ocrx_word' id='word_1_495' title='bbox 1656 1298 1830 1327; x_wconf 81' lang='lat' dir='ltr'>Consonnn-</span> 
     </span>
     <span class='ocr_line' id='line_1_78' title="bbox 1031 1335 1830 1375; baseline 0.005 -11"><span class='ocrx_word' id='word_1_496' title='bbox 1031 1341 1074 1364; x_wconf 78' lang='lat' dir='ltr'>tes</span> <span class='ocrx_word' id='word_1_497' title='bbox 1086 1335 1280 1365; x_wconf 79' lang='lat' dir='ltr'>efferebatur.</span> <span class='ocrx_word' id='word_1_498' title='bbox 1314 1335 1367 1370; x_wconf 76' lang='lat' dir='ltr'>Ut,</span> <span class='ocrx_word' id='word_1_499' title='bbox 1384 1337 1458 1375; x_wconf 64' lang='grc' dir='ltr'>Πρὲς</span> <span class='ocrx_word' id='word_1_500' title='bbox 1475 1335 1546 1366; x_wconf 71' lang='grc' dir='ltr'><strong><em>οἷκον</em></strong></span> <span class='ocrx_word' id='word_1_501' title='bbox 1564 1339 1734 1370; x_wconf 72' lang='grc' dir='ltr'><strong>Πηλῆσ;-.</strong></span> <span class='ocrx_word' id='word_1_502' title='bbox 1772 1339 1830 1368; x_wconf 68' lang='lat' dir='ltr'>Vi-</span> 
     </span>
     <span class='ocr_line' id='line_1_79' title="bbox 1032 1376 1827 1417; baseline 0.005 -11"><span class='ocrx_word' id='word_1_503' title='bbox 1032 1376 1147 1407; x_wconf 89' lang='lat' dir='ltr'>dentur</span> <span class='ocrx_word' id='word_1_504' title='bbox 1169 1377 1255 1406; x_wconf 89' lang='lat' dir='ltr'>enim</span> <span class='ocrx_word' id='word_1_505' title='bbox 1283 1376 1366 1414; x_wconf 73' lang='grc' dir='ltr'><em>ιῖκος,</em></span> <span class='ocrx_word' id='word_1_506' title='bbox 1392 1376 1469 1415; x_wconf 69' lang='grc' dir='ltr'>οἶνος,</span> <span class='ocrx_word' id='word_1_507' title='bbox 1495 1379 1707 1417; x_wconf 82' lang='lat' dir='ltr'>pronuntiatae</span> <span class='ocrx_word' id='word_1_508' title='bbox 1723 1380 1827 1416; x_wconf 85' lang='lat' dir='ltr'>fuisse,</span> 
     </span>
     <span class='ocr_line' id='line_1_80' title="bbox 1038 1419 1827 1456; baseline 0.006 -8"><span class='ocrx_word' id='word_1_509' title='bbox 1038 1421 1144 1454; x_wconf 84' lang='lat' dir='ltr'>Wieus,</span> <span class='ocrx_word' id='word_1_510' title='bbox 1169 1421 1290 1455; x_wconf 84' lang='lat' dir='ltr'>Winus,·</span> <span class='ocrx_word' id='word_1_511' title='bbox 1315 1419 1399 1449; x_wconf 87' lang='lat' dir='ltr'>unde</span> <span class='ocrx_word' id='word_1_512' title='bbox 1417 1419 1549 1455; x_wconf 86' lang='lat' dir='ltr'>Latinae,</span> <span class='ocrx_word' id='word_1_513' title='bbox 1573 1423 1671 1456; x_wconf 74' lang='lat' dir='ltr'>Vicus,</span> <span class='ocrx_word' id='word_1_514' title='bbox 1697 1424 1827 1453; x_wconf 79' lang='lat' dir='ltr'>Vinum.-</span> 
     </span>
     <span class='ocr_line' id='line_1_81' title="bbox 1034 1460 1830 1501; baseline 0.005 -11"><span class='ocrx_word' id='word_1_515' title='bbox 1034 1460 1078 1490; x_wconf 84' lang='lat' dir='ltr'>Et</span> <span class='ocrx_word' id='word_1_516' title='bbox 1093 1471 1131 1490; x_wconf 86' lang='lat' dir='ltr'>ex</span> <span class='ocrx_word' id='word_1_517' title='bbox 1147 1461 1181 1496; x_wconf 70' lang='grc' dir='ltr'>οἵ,</span> <span class='ocrx_word' id='word_1_518' title='bbox 1196 1461 1278 1491; x_wconf 86' lang='lat' dir='ltr'>facta</span> <span class='ocrx_word' id='word_1_519' title='bbox 1294 1468 1340 1491; x_wconf 90' lang='lat' dir='ltr'>est</span> <span class='ocrx_word' id='word_1_520' title='bbox 1358 1461 1480 1496; x_wconf 82' lang='lat' dir='ltr'>Latina,</span> <span class='ocrx_word' id='word_1_521' title='bbox 1503 1464 1561 1492; x_wconf 84' lang='lat' dir='ltr'>sui.</span> <span class='ocrx_word' id='word_1_522' title='bbox 1610 1463 1660 1493; x_wconf 93' lang='lat' dir='ltr'>De</span> <span class='ocrx_word' id='word_1_523' title='bbox 1676 1466 1830 1501; x_wconf 61' lang='grc' dir='ltr'>ἀθάνατος,</span> 
     </span>
     <span class='ocr_line' id='line_1_82' title="bbox 1034 1502 1828 1544; baseline 0.006 -12"><span class='ocrx_word' id='word_1_524' title='bbox 1034 1502 1205 1542; x_wconf 72' lang='grc' dir='ltr'>Πριαμίδης,</span> <span class='ocrx_word' id='word_1_525' title='bbox 1213 1509 1244 1532; x_wconf 92' lang='lat' dir='ltr'>et</span> <span class='ocrx_word' id='word_1_526' title='bbox 1250 1503 1413 1537; x_wconf 84' lang='lat' dir='ltr'>similibus,</span> <span class='ocrx_word' id='word_1_527' title='bbox 1425 1504 1558 1542; x_wconf 89' lang='lat' dir='ltr'>primam</span> <span class='ocrx_word' id='word_1_528' title='bbox 1567 1505 1828 1544; x_wconf 88' lang='lat' dir='ltr'>producentibus;</span> 
     </span>
     <span class='ocr_line' id='line_1_83' title="bbox 1030 1544 1830 1586; baseline 0.008 -14"><span class='ocrx_word' id='word_1_529' title='bbox 1030 1544 1241 1584; x_wconf 81' lang='lat' dir='ltr'>videpropriis</span> <span class='ocrx_word' id='word_1_530' title='bbox 1253 1547 1286 1575; x_wconf 85' lang='lat' dir='ltr'>in</span> <span class='ocrx_word' id='word_1_531' title='bbox 1296 1547 1376 1575; x_wconf 86' lang='lat' dir='ltr'>locis.</span> <span class='ocrx_word' id='word_1_532' title='bbox 1397 1545 1441 1575; x_wconf 81' lang='lat' dir='ltr'>Et</span> <span class='ocrx_word' id='word_1_533' title='bbox 1452 1545 1540 1586; x_wconf 84' lang='lat' dir='ltr'>siqua</span> <span class='ocrx_word' id='word_1_534' title='bbox 1551 1547 1613 1576; x_wconf 90' lang='lat' dir='ltr'>sint</span> <span class='ocrx_word' id='word_1_535' title='bbox 1621 1547 1830 1578; x_wconf 68' lang='lat' dir='ltr'>adhucraritis</span> 
     </span>
     <span class='ocr_line' id='line_1_84' title="bbox 1030 1586 1828 1622; baseline 0.005 -6"><span class='ocrx_word' id='word_1_536' title='bbox 1030 1587 1232 1622; x_wconf 80' lang='lat' dir='ltr'>occurrentia,</span> <span class='ocrx_word' id='word_1_537' title='bbox 1251 1586 1290 1616; x_wconf 89' lang='lat' dir='ltr'>de</span> <span class='ocrx_word' id='word_1_538' title='bbox 1305 1587 1354 1617; x_wconf 91' lang='lat' dir='ltr'>his</span> <span class='ocrx_word' id='word_1_539' title='bbox 1370 1587 1465 1617; x_wconf 76' lang='lat' dir='ltr'>etiam</span> <span class='ocrx_word' id='word_1_540' title='bbox 1477 1591 1540 1618; x_wconf 86' lang='lat' dir='ltr'>suis</span> <span class='ocrx_word' id='word_1_541' title='bbox 1555 1591 1587 1618; x_wconf 89' lang='lat' dir='ltr'>in</span> <span class='ocrx_word' id='word_1_542' title='bbox 1604 1590 1677 1619; x_wconf 84' lang='lat' dir='ltr'>locis</span> <span class='ocrx_word' id='word_1_543' title='bbox 1697 1589 1828 1620; x_wconf 86' lang='lat' dir='ltr'>dicetur.</span> 
     </span>
    </p>

    <p class='ocr_par' dir='ltr' id='par_1_15' title="bbox 1019 1628 1830 2718">
     <span class='ocr_line' id='line_1_85' title="bbox 1076 1628 1830 1670; baseline 0.007 -13"><span class='ocrx_word' id='word_1_544' title='bbox 1076 1631 1122 1658; x_wconf 78' lang='lat'>12.</span> <span class='ocrx_word' id='word_1_545' title='bbox 1150 1629 1256 1663; x_wconf 83' lang='lat' dir='ltr'>Quam</span> <span class='ocrx_word' id='word_1_546' title='bbox 1272 1628 1376 1668; x_wconf 85' lang='lat' dir='ltr'>itaque</span> <span class='ocrx_word' id='word_1_547' title='bbox 1393 1631 1547 1659; x_wconf 70' lang='lat' dir='ltr'>poeticam</span> <span class='ocrx_word' id='word_1_548' title='bbox 1561 1629 1657 1670; x_wconf 75' lang='lat' dir='ltr'>vulgo</span> <span class='ocrx_word' id='word_1_549' title='bbox 1669 1632 1830 1670; x_wconf 88' lang='lat' dir='ltr'>appellant</span> 
     </span>
     <span class='ocr_line' id='line_1_86' title="bbox 1031 1670 1828 1709; baseline 0.006 -10"><span class='ocrx_word' id='word_1_550' title='bbox 1031 1671 1214 1704; x_wconf 79' lang='lat' dir='ltr'>Licentiam,</span> <span class='ocrx_word' id='word_1_551' title='bbox 1232 1680 1268 1700; x_wconf 91' lang='lat' dir='ltr'>ea</span> <span class='ocrx_word' id='word_1_552' title='bbox 1283 1670 1385 1700; x_wconf 93' lang='lat' dir='ltr'>omnis</span> <span class='ocrx_word' id='word_1_553' title='bbox 1401 1671 1433 1700; x_wconf 93' lang='lat' dir='ltr'>in</span> <span class='ocrx_word' id='word_1_554' title='bbox 1445 1674 1499 1701; x_wconf 79' lang='grc' dir='ltr'><em>Ιιοσ</em></span> <span class='ocrx_word' id='word_1_555' title='bbox 1512 1683 1571 1702; x_wconf 85' lang='lat' dir='ltr'>uno</span> <span class='ocrx_word' id='word_1_556' title='bbox 1582 1673 1730 1708; x_wconf 83' lang='lat' dir='ltr'>consistit,</span> <span class='ocrx_word' id='word_1_557' title='bbox 1749 1675 1828 1709; x_wconf 95' lang='lat' dir='ltr'>(non</span> 
     </span>
     <span class='ocr_line' id='line_1_87' title="bbox 1030 1712 1825 1754; baseline 0.008 -14"><span class='ocrx_word' id='word_1_558' title='bbox 1030 1718 1065 1741; x_wconf 91' lang='lat' dir='ltr'>ut</span> <span class='ocrx_word' id='word_1_559' title='bbox 1084 1712 1273 1750; x_wconf 87' lang='lat' dir='ltr'>syllabarum</span> <span class='ocrx_word' id='word_1_560' title='bbox 1289 1713 1478 1752; x_wconf 81' lang='lat' dir='ltr'>quantitates</span> <span class='ocrx_word' id='word_1_561' title='bbox 1499 1714 1736 1745; x_wconf 87' lang='lat' dir='ltr'>confundantur</span> <span class='ocrx_word' id='word_1_562' title='bbox 1754 1726 1825 1754; x_wconf 89' lang='lat' dir='ltr'>pro-</span> 
     </span>
     <span class='ocr_line' id='line_1_88' title="bbox 1030 1753 1825 1796; baseline 0.008 -14"><span class='ocrx_word' id='word_1_563' title='bbox 1030 1753 1147 1784; x_wconf 76' lang='lat' dir='ltr'>miscue</span> <span class='ocrx_word' id='word_1_564' title='bbox 1159 1760 1252 1794; x_wconf 88' lang='lat' dir='ltr'>atque</span> <span class='ocrx_word' id='word_1_565' title='bbox 1268 1755 1403 1793; x_wconf 76' lang='grc' dir='ltr'>ἀλόγως;</span> <span class='ocrx_word' id='word_1_566' title='bbox 1422 1755 1506 1795; x_wconf 91' lang='lat' dir='ltr'>quod</span> <span class='ocrx_word' id='word_1_567' title='bbox 1522 1762 1568 1785; x_wconf 84' lang='lat' dir='ltr'>est</span> <span class='ocrx_word' id='word_1_568' title='bbox 1582 1757 1825 1796; x_wconf 78' lang='lat' dir='ltr'>perabsurdum3</span> 
     </span>
     <span class='ocr_line' id='line_1_89' title="bbox 1029 1795 1826 1838; baseline 0.006 -14"><span class='ocrx_word' id='word_1_569' title='bbox 1029 1795 1095 1833; x_wconf 90' lang='lat' dir='ltr'>sed)</span> <span class='ocrx_word' id='word_1_570' title='bbox 1120 1801 1156 1825; x_wconf 90' lang='lat' dir='ltr'>ut</span> <span class='ocrx_word' id='word_1_571' title='bbox 1177 1796 1304 1835; x_wconf 80' lang='lat' dir='ltr'>syllabae</span> <span class='ocrx_word' id='word_1_572' title='bbox 1320 1797 1432 1827; x_wconf 78' lang='grc' dir='ltr'><em>ηαίιινᾶ</em></span> <span class='ocrx_word' id='word_1_573' title='bbox 1456 1798 1563 1832; x_wconf 79' lang='lat' dir='ltr'>breves,</span> <span class='ocrx_word' id='word_1_574' title='bbox 1589 1798 1671 1828; x_wconf 72' lang='lat' dir='ltr'>certa</span> <span class='ocrx_word' id='word_1_575' title='bbox 1688 1799 1826 1838; x_wconf 66' lang='lat' dir='ltr'>quadam</span> 
     </span>
     <span class='ocr_line' id='line_1_90' title="bbox 1023 1838 1825 1882; baseline 0.006 -16"><span class='ocrx_word' id='word_1_576' title='bbox 1023 1839 1181 1876; x_wconf 76' lang='lat' dir='ltr'>positione,</span> <span class='ocrx_word' id='word_1_577' title='bbox 1206 1838 1283 1867; x_wconf 84' lang='lat' dir='ltr'>fiant</span> <span class='ocrx_word' id='word_1_578' title='bbox 1294 1840 1462 1876; x_wconf 81' lang='lat' dir='ltr'>productae.</span> <span class='ocrx_word' id='word_1_579' title='bbox 1489 1839 1563 1869; x_wconf 86' lang='lat' dir='ltr'>Non</span> <span class='ocrx_word' id='word_1_580' title='bbox 1576 1840 1684 1880; x_wconf 89' lang='lat' dir='ltr'>utique</span> <span class='ocrx_word' id='word_1_581' title='bbox 1699 1844 1745 1871; x_wconf 74' lang='lat' dir='ltr'>lzoe</span> <span class='ocrx_word' id='word_1_582' title='bbox 1755 1842 1825 1882; x_wconf 89' lang='lat' dir='ltr'>qui-</span> 
     </span>
     <span class='ocr_line' id='line_1_91' title="bbox 1027 1878 1825 1920; baseline 0.008 -12"><span class='ocrx_word' id='word_1_583' title='bbox 1027 1878 1099 1908; x_wconf 89' lang='lat' dir='ltr'>dem</span> <span class='ocrx_word' id='word_1_584' title='bbox 1115 1889 1232 1914; x_wconf 84' lang='lat' dir='ltr'>omnes,</span> <span class='ocrx_word' id='word_1_585' title='bbox 1250 1889 1351 1919; x_wconf 86' lang='lat' dir='ltr'>neque</span> <span class='ocrx_word' id='word_1_586' title='bbox 1374 1880 1461 1910; x_wconf 91' lang='lat' dir='ltr'>omni</span> <span class='ocrx_word' id='word_1_587' title='bbox 1480 1881 1512 1910; x_wconf 90' lang='lat' dir='ltr'>in</span> <span class='ocrx_word' id='word_1_588' title='bbox 1531 1882 1643 1920; x_wconf 79' lang='lat' dir='ltr'>positu,</span> <span class='ocrx_word' id='word_1_589' title='bbox 1666 1883 1718 1912; x_wconf 84' lang='lat' dir='ltr'>sed</span> <span class='ocrx_word' id='word_1_590' title='bbox 1741 1884 1825 1914; x_wconf 74' lang='lat' dir='ltr'>certa</span> 
     </span>
     <span class='ocr_line' id='line_1_92' title="bbox 1026 1919 1826 1963; baseline 0.006 -13"><span class='ocrx_word' id='word_1_591' title='bbox 1026 1919 1162 1960; x_wconf 71' lang='lat' dir='ltr'>quadam</span> <span class='ocrx_word' id='word_1_592' title='bbox 1177 1931 1213 1951; x_wconf 91' lang='lat' dir='ltr'>ac</span> <span class='ocrx_word' id='word_1_593' title='bbox 1225 1922 1380 1951; x_wconf 84' lang='lat' dir='ltr'>constanti</span> <span class='ocrx_word' id='word_1_594' title='bbox 1396 1922 1534 1960; x_wconf 89' lang='lat' dir='ltr'>ratione;</span> <span class='ocrx_word' id='word_1_595' title='bbox 1559 1923 1650 1953; x_wconf 85' lang='lat' dir='ltr'>sicuti</span> <span class='ocrx_word' id='word_1_596' title='bbox 1671 1924 1764 1963; x_wconf 77' lang='lat' dir='ltr'>supra</span> <span class='ocrx_word' id='word_1_597' title='bbox 1779 1932 1826 1955; x_wconf 84' lang='lat' dir='ltr'>est</span> 
     </span>
     <span class='ocr_line' id='line_1_93' title="bbox 1026 1962 1825 2004; baseline 0.006 -12"><span class='ocrx_word' id='word_1_598' title='bbox 1026 1963 1214 2001; x_wconf 88' lang='lat' dir='ltr'>expositum.</span> <span class='ocrx_word' id='word_1_599' title='bbox 1285 1962 1374 1993; x_wconf 73' lang='lat' dir='ltr'>Alias</span> <span class='ocrx_word' id='word_1_600' title='bbox 1397 1964 1482 1994; x_wconf 89' lang='lat' dir='ltr'>enim</span> <span class='ocrx_word' id='word_1_601' title='bbox 1511 1965 1637 2004; x_wconf 72' lang='lat' dir='ltr'>syllaba·</span> <span class='ocrx_word' id='word_1_602' title='bbox 1662 1967 1769 1999; x_wconf 78' lang='lat' dir='ltr'>breves.</span> <span class='ocrx_word' id='word_1_603' title='bbox 1794 1974 1825 1997; x_wconf 88' lang='lat' dir='ltr'>et</span> 
     </span>
     <span class='ocr_line' id='line_1_94' title="bbox 1025 2004 1823 2045; baseline 0.006 -11"><span class='ocrx_word' id='word_1_604' title='bbox 1025 2004 1162 2035; x_wconf 73' lang='lat' dir='ltr'>maxime</span> <span class='ocrx_word' id='word_1_605' title='bbox 1168 2015 1238 2045; x_wconf 85' lang='lat' dir='ltr'>quae</span> <span class='ocrx_word' id='word_1_606' title='bbox 1246 2005 1278 2035; x_wconf 93' lang='lat' dir='ltr'>in</span> <span class='ocrx_word' id='word_1_607' title='bbox 1290 2007 1475 2037; x_wconf 55' lang='lat' dir='ltr'>h&#39;ominilms</span> <span class='ocrx_word' id='word_1_608' title='bbox 1483 2007 1545 2037; x_wconf 88' lang='lat' dir='ltr'>sint</span> <span class='ocrx_word' id='word_1_609' title='bbox 1553 2010 1694 2042; x_wconf 79' lang='lat' dir='ltr'>Casuum,</span> <span class='ocrx_word' id='word_1_610' title='bbox 1704 2008 1737 2038; x_wconf 88' lang='lat' dir='ltr'>in</span> <span class='ocrx_word' id='word_1_611' title='bbox 1753 2011 1823 2039; x_wconf 82' lang='lat' dir='ltr'>Ver-</span> 
     </span>
     <span class='ocr_line' id='line_1_95' title="bbox 1023 2047 1824 2089; baseline 0.006 -13"><span class='ocrx_word' id='word_1_612' title='bbox 1023 2047 1068 2076; x_wconf 79' lang='lat' dir='ltr'>bis</span> <span class='ocrx_word' id='word_1_613' title='bbox 1080 2047 1189 2087; x_wconf 89' lang='lat' dir='ltr'>utique</span> <span class='ocrx_word' id='word_1_614' title='bbox 1209 2049 1238 2078; x_wconf 90' lang='lat' dir='ltr'><em>T</em></span> <span class='ocrx_word' id='word_1_615' title='bbox 1236 2058 1389 2086; x_wconf 75' lang='lat' dir='ltr'>cmporum</span> <span class='ocrx_word' id='word_1_616' title='bbox 1412 2051 1676 2089; x_wconf 77' lang='lat' dir='ltr'>Personarumque</span> <span class='ocrx_word' id='word_1_617' title='bbox 1698 2051 1824 2081; x_wconf 89' lang='lat' dir='ltr'>charac-</span> 
     </span>
     <span class='ocr_line' id='line_1_96' title="bbox 1025 2088 1824 2140; baseline 0.006 -22"><span class='ocrx_word' id='word_1_618' title='bbox 1025 2088 1184 2126; x_wconf 83' lang='lat' dir='ltr'>teristicae;</span> <span class='ocrx_word' id='word_1_619' title='bbox 1203 2091 1252 2128; x_wconf 87' lang='lat' dir='ltr'>(ut</span> <span class='ocrx_word' id='word_1_620' title='bbox 1267 2090 1410 2140; x_wconf 53' lang='grc' dir='ltr'>ἅζμᾶτος,</span> <span class='ocrx_word' id='word_1_621' title='bbox 1425 2090 1546 2126; x_wconf 57' lang='lat' dir='ltr'>Micia-n,</span> <span class='ocrx_word' id='word_1_622' title='bbox 1565 2091 1694 2129; x_wconf 57' lang='grc' dir='ltr'>ἔανῡμεν,</span> <span class='ocrx_word' id='word_1_623' title='bbox 1707 2093 1824 2131; x_wconf 61' lang='lat' dir='ltr'>{215va-</span> 
     </span>
     <span class='ocr_line' id='line_1_97' title="bbox 1023 2130 1825 2175; baseline 0.006 -16"><span class='ocrx_word' id='word_1_624' title='bbox 1023 2143 1085 2167; x_wconf 77' lang='grc' dir='ltr'>μεν,</span> <span class='ocrx_word' id='word_1_625' title='bbox 1100 2130 1233 2167; x_wconf 55' lang='lat' dir='ltr'>iperium,</span> <span class='ocrx_word' id='word_1_626' title='bbox 1249 2131 1418 2170; x_wconf 74' lang='grc' dir='ltr'><strong><em>ζιυγνῦμαι,</em></strong></span> <span class='ocrx_word' id='word_1_627' title='bbox 1434 2135 1534 2174; x_wconf 63' lang='grc' dir='ltr'><em>κῦρεῖν,</em></span> <span class='ocrx_word' id='word_1_628' title='bbox 1545 2137 1654 2174; x_wconf 57' lang='lat' dir='ltr'>regim-5,</span> <span class='ocrx_word' id='word_1_629' title='bbox 1670 2135 1825 2175; x_wconf 72' lang='grc' dir='ltr'>κρῖνοῦμαι,</span> 
     </span>
     <span class='ocr_line' id='line_1_98' title="bbox 1023 2173 1823 2216; baseline 0.008 -15"><span class='ocrx_word' id='word_1_630' title='bbox 1023 2173 1234 2214; x_wconf 59' lang='grc' dir='ltr'>μαρτῦρσῦμαι,</span> <span class='ocrx_word' id='word_1_631' title='bbox 1268 2174 1488 2216; x_wconf 63' lang='grc' dir='ltr'>μαξτῦρῆπμαι</span> <span class='ocrx_word' id='word_1_632' title='bbox 1504 2187 1512 2212; x_wconf 87' lang='lat'>;</span> <span class='ocrx_word' id='word_1_633' title='bbox 1546 2176 1722 2215; x_wconf 86' lang='lat' dir='ltr'>horumque</span> <span class='ocrx_word' id='word_1_634' title='bbox 1756 2177 1823 2207; x_wconf 80' lang='lat' dir='ltr'>De-</span> 
     </span>
     <span class='ocr_line' id='line_1_99' title="bbox 1023 2214 1821 2258; baseline 0.005 -14"><span class='ocrx_word' id='word_1_635' title='bbox 1023 2214 1128 2249; x_wconf 75' lang='lat' dir='ltr'>rivata‚</span> <span class='ocrx_word' id='word_1_636' title='bbox 1161 2220 1262 2256; x_wconf 72' lang='grc' dir='ltr'><strong><em>κρῖσις,</em></strong></span> <span class='ocrx_word' id='word_1_637' title='bbox 1291 2217 1400 2256; x_wconf 65' lang='grc' dir='ltr'>κρῖτὶις,</span> <span class='ocrx_word' id='word_1_638' title='bbox 1429 2218 1582 2258; x_wconf 38' lang='lat' dir='ltr'>nigraha,</span> <span class='ocrx_word' id='word_1_639' title='bbox 1613 2224 1644 2248; x_wconf 82' lang='lat' dir='ltr'>et</span> <span class='ocrx_word' id='word_1_640' title='bbox 1670 2218 1784 2248; x_wconf 75' lang='lat' dir='ltr'>similia</span> <span class='ocrx_word' id='word_1_641' title='bbox 1797 2219 1821 2257; x_wconf 84' lang='lat'>;)</span> 
     </span>
     <span class='ocr_line' id='line_1_100' title="bbox 1020 2254 1822 2300; baseline 0.006 -15"><span class='ocrx_word' id='word_1_642' title='bbox 1020 2258 1152 2295; x_wconf 82' lang='lat' dir='ltr'>produci</span> <span class='ocrx_word' id='word_1_643' title='bbox 1161 2254 1293 2287; x_wconf 75' lang='lat' dir='ltr'>omnino</span> <span class='ocrx_word' id='word_1_644' title='bbox 1307 2267 1369 2287; x_wconf 93' lang='lat' dir='ltr'>non</span> <span class='ocrx_word' id='word_1_645' title='bbox 1379 2266 1518 2296; x_wconf 88' lang='lat' dir='ltr'>possunt.</span> <span class='ocrx_word' id='word_1_646' title='bbox 1546 2260 1628 2295; x_wconf 80' lang='lat' dir='ltr'>Quae</span> <span class='ocrx_word' id='word_1_647' title='bbox 1640 2266 1746 2290; x_wconf 85' lang='lat' dir='ltr'>autem</span> <span class='ocrx_word' id='word_1_648' title='bbox 1760 2261 1822 2300; x_wconf 87' lang='lat' dir='ltr'>syl-</span> 
     </span>
     <span class='ocr_line' id='line_1_101' title="bbox 1022 2298 1822 2340; baseline 0.006 -12"><span class='ocrx_word' id='word_1_649' title='bbox 1022 2298 1100 2328; x_wconf 89' lang='lat' dir='ltr'>labae</span> <span class='ocrx_word' id='word_1_650' title='bbox 1116 2298 1229 2329; x_wconf 64' lang='lat' dir='ltr'>natura</span> <span class='ocrx_word' id='word_1_651' title='bbox 1253 2306 1326 2329; x_wconf 86' lang='lat' dir='ltr'>sunt</span> <span class='ocrx_word' id='word_1_652' title='bbox 1340 2301 1447 2340; x_wconf 69' lang='lat' dir='ltr'>longer,</span> <span class='ocrx_word' id='word_1_653' title='bbox 1471 2301 1504 2330; x_wconf 91' lang='lat' dir='ltr'>in</span> <span class='ocrx_word' id='word_1_654' title='bbox 1526 2301 1574 2331; x_wconf 87' lang='lat' dir='ltr'>his</span> <span class='ocrx_word' id='word_1_655' title='bbox 1595 2302 1742 2332; x_wconf 87' lang='lat' dir='ltr'>omnibus</span> <span class='ocrx_word' id='word_1_656' title='bbox 1763 2304 1822 2333; x_wconf 83' lang='lat' dir='ltr'>Li-</span> 
     </span>
     <span class='ocr_line' id='line_1_102' title="bbox 1021 2340 1823 2384; baseline 0.006 -15"><span class='ocrx_word' id='word_1_657' title='bbox 1021 2343 1119 2370; x_wconf 82' lang='lat' dir='ltr'>centia</span> <span class='ocrx_word' id='word_1_658' title='bbox 1131 2340 1213 2379; x_wconf 85' lang='lat' dir='ltr'>apud</span> <span class='ocrx_word' id='word_1_659' title='bbox 1227 2340 1388 2380; x_wconf 87' lang='lat' dir='ltr'>Principes</span> <span class='ocrx_word' id='word_1_660' title='bbox 1399 2342 1512 2372; x_wconf 81' lang='lat' dir='ltr'>Poetas</span> <span class='ocrx_word' id='word_1_661' title='bbox 1521 2354 1683 2384; x_wconf 87' lang='lat' dir='ltr'>nunquam</span> <span class='ocrx_word' id='word_1_662' title='bbox 1696 2343 1823 2383; x_wconf 71' lang='lat' dir='ltr'>prorsus</span> 
     </span>
     <span class='ocr_line' id='line_1_103' title="bbox 1021 2382 1822 2434; baseline 0.007 -23"><span class='ocrx_word' id='word_1_663' title='bbox 1021 2387 1067 2412; x_wconf 90' lang='lat' dir='ltr'>est</span> <span class='ocrx_word' id='word_1_664' title='bbox 1082 2384 1155 2412; x_wconf 81' lang='lat' dir='ltr'>nlla.</span> <span class='ocrx_word' id='word_1_665' title='bbox 1196 2382 1278 2411; x_wconf 83' lang='lat' dir='ltr'>Nam</span> <span class='ocrx_word' id='word_1_666' title='bbox 1291 2390 1324 2412; x_wconf 90' lang='lat' dir='ltr'>ut</span> <span class='ocrx_word' id='word_1_667' title='bbox 1336 2389 1408 2421; x_wconf 67' lang='grc' dir='ltr'>ιῖκη,</span> <span class='ocrx_word' id='word_1_668' title='bbox 1421 2387 1500 2420; x_wconf 55' lang='lat' dir='ltr'>triph,</span> <span class='ocrx_word' id='word_1_669' title='bbox 1516 2388 1619 2425; x_wconf 60' lang='grc' dir='ltr'>ψῡχή,</span> <span class='ocrx_word' id='word_1_670' title='bbox 1634 2387 1752 2434; x_wconf 59' lang='grc' dir='ltr'>χςῡσὸς,</span> <span class='ocrx_word' id='word_1_671' title='bbox 1764 2387 1822 2416; x_wconf 93' lang='lat' dir='ltr'>ho-</span> 
     </span>
     <span class='ocr_line' id='line_1_104' title="bbox 1022 2424 1820 2465; baseline 0.008 -13"><span class='ocrx_word' id='word_1_672' title='bbox 1022 2434 1156 2464; x_wconf 87' lang='lat' dir='ltr'>rumque</span> <span class='ocrx_word' id='word_1_673' title='bbox 1175 2424 1324 2454; x_wconf 83' lang='lat' dir='ltr'>Derivata</span> <span class='ocrx_word' id='word_1_674' title='bbox 1341 2431 1371 2455; x_wconf 88' lang='lat' dir='ltr'>et</span> <span class='ocrx_word' id='word_1_675' title='bbox 1389 2425 1571 2465; x_wconf 84' lang='lat' dir='ltr'>Composita</span> <span class='ocrx_word' id='word_1_676' title='bbox 1586 2438 1710 2464; x_wconf 84' lang='lat' dir='ltr'>omnia;</span> <span class='ocrx_word' id='word_1_677' title='bbox 1735 2428 1820 2463; x_wconf 85' lang='lat' dir='ltr'>item,</span> 
     </span>
     <span class='ocr_line' id='line_1_105' title="bbox 1023 2466 1821 2508; baseline 0.006 -13"><span class='ocrx_word' id='word_1_678' title='bbox 1023 2473 1057 2495; x_wconf 86' lang='lat' dir='ltr'>ut</span> <span class='ocrx_word' id='word_1_679' title='bbox 1073 2466 1185 2504; x_wconf 69' lang='grc' dir='ltr'>ὅμνῦμι,</span> <span class='ocrx_word' id='word_1_680' title='bbox 1214 2467 1360 2505; x_wconf 68' lang='grc' dir='ltr'>ζεῦγιῡμι,</span> <span class='ocrx_word' id='word_1_681' title='bbox 1392 2467 1470 2505; x_wconf 73' lang='grc' dir='ltr'><em>ἶμνῡ,</em></span> <span class='ocrx_word' id='word_1_682' title='bbox 1486 2470 1599 2508; x_wconf 71' lang='grc' dir='ltr'>ζσύγνῦ,</span> <span class='ocrx_word' id='word_1_683' title='bbox 1627 2477 1658 2500; x_wconf 81' lang='lat' dir='ltr'>et</span> <span class='ocrx_word' id='word_1_684' title='bbox 1687 2470 1821 2507; x_wconf 69' lang='lat' dir='ltr'>slmil133</span> 
     </span>
     <span class='ocr_line' id='line_1_106' title="bbox 1021 2508 1823 2553; baseline 0.005 -16"><span class='ocrx_word' id='word_1_685' title='bbox 1021 2508 1068 2538; x_wconf 74' lang='lat' dir='ltr'>vel</span> <span class='ocrx_word' id='word_1_686' title='bbox 1091 2514 1127 2538; x_wconf 87' lang='lat' dir='ltr'>ut</span> <span class='ocrx_word' id='word_1_687' title='bbox 1150 2513 1236 2548; x_wconf 73' lang='grc' dir='ltr'><em>κῡρω,</em></span> <span class='ocrx_word' id='word_1_688' title='bbox 1260 2514 1359 2549; x_wconf 58' lang='lat' dir='ltr'>nique,</span> <span class='ocrx_word' id='word_1_689' title='bbox 1382 2516 1473 2552; x_wconf 64' lang='grc' dir='ltr'>κρῖναι,</span> <span class='ocrx_word' id='word_1_690' title='bbox 1503 2518 1642 2552; x_wconf 56' lang='lat' dir='ltr'>sigimunt,</span> <span class='ocrx_word' id='word_1_691' title='bbox 1670 2513 1823 2553; x_wconf 70' lang='grc' dir='ltr'>ἰκρῖιᾶμην,</span> 
     </span>
     <span class='ocr_line' id='line_1_107' title="bbox 1023 2551 1821 2593; baseline 0.005 -14"><span class='ocrx_word' id='word_1_692' title='bbox 1023 2555 1220 2591; x_wconf 66' lang='grc' dir='ltr'>μαρτῦρομαι,</span> <span class='ocrx_word' id='word_1_693' title='bbox 1244 2551 1448 2592; x_wconf 63' lang='grc' dir='ltr'>ἱμαρτῡρόμην,</span> <span class='ocrx_word' id='word_1_694' title='bbox 1471 2561 1501 2583; x_wconf 88' lang='lat' dir='ltr'>et</span> <span class='ocrx_word' id='word_1_695' title='bbox 1526 2554 1649 2589; x_wconf 69' lang='lat' dir='ltr'>slmilia,</span> <span class='ocrx_word' id='word_1_696' title='bbox 1680 2554 1713 2583; x_wconf 81' lang='lat' dir='ltr'>in</span> <span class='ocrx_word' id='word_1_697' title='bbox 1742 2565 1821 2593; x_wconf 83' lang='lat' dir='ltr'>prae-</span> 
     </span>
     <span class='ocr_line' id='line_1_108' title="bbox 1023 2592 1820 2636; baseline 0.003 -14"><span class='ocrx_word' id='word_1_698' title='bbox 1023 2592 1163 2622; x_wconf 86' lang='lat' dir='ltr'>sentibus</span> <span class='ocrx_word' id='word_1_699' title='bbox 1185 2598 1217 2622; x_wconf 86' lang='lat' dir='ltr'>et</span> <span class='ocrx_word' id='word_1_700' title='bbox 1238 2592 1436 2631; x_wconf 81' lang='lat' dir='ltr'>imperfectis,</span> <span class='ocrx_word' id='word_1_701' title='bbox 1466 2596 1546 2635; x_wconf 69' lang='lat' dir='ltr'>(ride</span> <span class='ocrx_word' id='word_1_702' title='bbox 1575 2597 1659 2636; x_wconf 61' lang='lat' dir='ltr'>irgsrci</span> <span class='ocrx_word' id='word_1_703' title='bbox 1690 2598 1732 2626; x_wconf 79' lang='lat' dir='ltr'>ad</span> <span class='ocrx_word' id='word_1_704' title='bbox 1761 2608 1820 2626; x_wconf 69' lang='lat' dir='ltr'>rer.</span> 
     </span>
     <span class='ocr_line' id='line_1_109' title="bbox 1021 2634 1818 2679; baseline 0.008 -16"><span class='ocrx_word' id='word_1_705' title='bbox 1021 2634 1108 2673; x_wconf 82' lang='lat'>538.)</span> <span class='ocrx_word' id='word_1_706' title='bbox 1134 2640 1168 2663; x_wconf 86' lang='lat' dir='ltr'>ut</span> <span class='ocrx_word' id='word_1_707' title='bbox 1195 2635 1270 2669; x_wconf 83' lang='lat' dir='ltr'>haec,</span> <span class='ocrx_word' id='word_1_708' title='bbox 1301 2635 1440 2676; x_wconf 89' lang='lat' dir='ltr'>inquam,</span> <span class='ocrx_word' id='word_1_709' title='bbox 1465 2644 1495 2667; x_wconf 85' lang='lat' dir='ltr'>et</span> <span class='ocrx_word' id='word_1_710' title='bbox 1517 2638 1698 2679; x_wconf 83' lang='lat' dir='ltr'>hujusmodi</span> <span class='ocrx_word' id='word_1_711' title='bbox 1722 2641 1818 2669; x_wconf 79' lang='lat' dir='ltr'>corri-</span> 
     </span>
     <span class='ocr_line' id='line_1_110' title="bbox 1019 2676 1720 2718; baseline 0.007 -13"><span class='ocrx_word' id='word_1_712' title='bbox 1019 2683 1176 2715; x_wconf 78' lang='lat' dir='ltr'>perentur,</span> <span class='ocrx_word' id='word_1_713' title='bbox 1201 2676 1288 2706; x_wconf 75' lang='lat' dir='ltr'>nulla</span> <span class='ocrx_word' id='word_1_714' title='bbox 1305 2688 1445 2718; x_wconf 88' lang='lat' dir='ltr'>unquam</span> <span class='ocrx_word' id='word_1_715' title='bbox 1462 2679 1551 2709; x_wconf 85' lang='lat' dir='ltr'>licuit</span> <span class='ocrx_word' id='word_1_716' title='bbox 1566 2679 1720 2711; x_wconf 71' lang='lat' dir='ltr'>Liccnliti.</span> 
     </span>
    </p>

    <p class='ocr_par' dir='ltr' id='par_1_16' title="bbox 1020 2717 1823 3014">
     <span class='ocr_line' id='line_1_111' title="bbox 1069 2717 1819 2762; baseline 0.005 -15"><span class='ocrx_word' id='word_1_717' title='bbox 1069 2721 1115 2748; x_wconf 80' lang='lat'>13.</span> <span class='ocrx_word' id='word_1_718' title='bbox 1138 2718 1223 2748; x_wconf 79' lang='lat' dir='ltr'>Nam</span> <span class='ocrx_word' id='word_1_719' title='bbox 1239 2717 1323 2759; x_wconf 76' lang='lat' dir='ltr'>quod</span> <span class='ocrx_word' id='word_1_720' title='bbox 1339 2720 1423 2758; x_wconf 85' lang='lat' dir='ltr'>apud</span> <span class='ocrx_word' id='word_1_721' title='bbox 1438 2723 1570 2752; x_wconf 77' lang='lat' dir='ltr'>Doricos</span> <span class='ocrx_word' id='word_1_722' title='bbox 1589 2723 1759 2762; x_wconf 84' lang='lat' dir='ltr'>Scriptores</span> <span class='ocrx_word' id='word_1_723' title='bbox 1773 2722 1819 2752; x_wconf 91' lang='lat' dir='ltr'>le-</span> 
     </span>
     <span class='ocr_line' id='line_1_112' title="bbox 1021 2762 1823 2805; baseline 0.005 -15"><span class='ocrx_word' id='word_1_724' title='bbox 1021 2770 1135 2800; x_wconf 76' lang='lat' dir='ltr'>gamus</span> <span class='ocrx_word' id='word_1_725' title='bbox 1158 2767 1211 2794; x_wconf 64' lang='lat' dir='ltr'>effu</span> <span class='ocrx_word' id='word_1_726' title='bbox 1235 2762 1340 2795; x_wconf 69' lang='grc' dir='ltr'><strong><em>αὑτᾶς,</em></strong></span> <span class='ocrx_word' id='word_1_727' title='bbox 1357 2763 1420 2796; x_wconf 67' lang='grc' dir='ltr'>τοὺς</span> <span class='ocrx_word' id='word_1_728' title='bbox 1437 2764 1588 2805; x_wconf 60' lang='grc' dir='ltr'>ἄνθρωπος,</span> <span class='ocrx_word' id='word_1_729' title='bbox 1621 2767 1674 2798; x_wconf 65' lang='grc' dir='ltr'>τὰς</span> <span class='ocrx_word' id='word_1_730' title='bbox 1691 2769 1800 2799; x_wconf 71' lang='grc' dir='ltr'><strong><em>βουλᾶς</em></strong></span> <span class='ocrx_word' id='word_1_731' title='bbox 1814 2775 1823 2800; x_wconf 76' lang='lat'><em>3</em></span> 
     </span>
     <span class='ocr_line' id='line_1_113' title="bbox 1021 2802 1822 2841; baseline 0.006 -10"><span class='ocrx_word' id='word_1_732' title='bbox 1021 2808 1053 2831; x_wconf 86' lang='lat' dir='ltr'>et</span> <span class='ocrx_word' id='word_1_733' title='bbox 1067 2802 1150 2841; x_wconf 90' lang='lat' dir='ltr'>apud</span> <span class='ocrx_word' id='word_1_734' title='bbox 1170 2802 1340 2841; x_wconf 83' lang='lat' dir='ltr'>Scriptores</span> <span class='ocrx_word' id='word_1_735' title='bbox 1355 2809 1424 2834; x_wconf 85' lang='lat' dir='ltr'>tum</span> <span class='ocrx_word' id='word_1_736' title='bbox 1446 2807 1586 2841; x_wconf 82' lang='lat' dir='ltr'>Doricos,</span> <span class='ocrx_word' id='word_1_737' title='bbox 1611 2813 1678 2836; x_wconf 82' lang='lat' dir='ltr'>turn</span> <span class='ocrx_word' id='word_1_738' title='bbox 1696 2807 1822 2841; x_wconf 79' lang='lat' dir='ltr'>Atticos,</span> 
     </span>
     <span class='ocr_line' id='line_1_114' title="bbox 1022 2845 1821 2888; baseline 0.008 -15"><span class='ocrx_word' id='word_1_739' title='bbox 1022 2845 1133 2880; x_wconf 70' lang='grc' dir='ltr'>ιᾶλός.</span> <span class='ocrx_word' id='word_1_740' title='bbox 1151 2846 1271 2879; x_wconf 62' lang='lat' dir='ltr'>xia-ios,</span> <span class='ocrx_word' id='word_1_741' title='bbox 1296 2850 1327 2874; x_wconf 86' lang='lat' dir='ltr'>et</span> <span class='ocrx_word' id='word_1_742' title='bbox 1342 2847 1474 2884; x_wconf 84' lang='lat' dir='ltr'>similia;</span> <span class='ocrx_word' id='word_1_743' title='bbox 1491 2848 1596 2888; x_wconf 79' lang='lat' dir='ltr'>qualia</span> <span class='ocrx_word' id='word_1_744' title='bbox 1609 2848 1691 2887; x_wconf 84' lang='lat' dir='ltr'>npud</span> <span class='ocrx_word' id='word_1_745' title='bbox 1707 2850 1821 2879; x_wconf 82' lang='lat' dir='ltr'>Home·</span> 
     </span>
     <span class='ocr_line' id='line_1_115' title="bbox 1022 2888 1821 2930; baseline 0.008 -15"><span class='ocrx_word' id='word_1_746' title='bbox 1022 2897 1089 2916; x_wconf 78' lang='lat' dir='ltr'>rum</span> <span class='ocrx_word' id='word_1_747' title='bbox 1107 2897 1261 2926; x_wconf 87' lang='lat' dir='ltr'>nusquam</span> <span class='ocrx_word' id='word_1_748' title='bbox 1278 2888 1495 2927; x_wconf 84' lang='lat' dir='ltr'>reperiuntur;</span> <span class='ocrx_word' id='word_1_749' title='bbox 1521 2892 1601 2930; x_wconf 74' lang='lat' dir='ltr'>(vide</span> <span class='ocrx_word' id='word_1_750' title='bbox 1624 2890 1707 2930; x_wconf 70' lang='lat' dir='ltr'>irnj&#39;mi</span> <span class='ocrx_word' id='word_1_751' title='bbox 1726 2892 1767 2920; x_wconf 81' lang='lat' dir='ltr'>od</span> <span class='ocrx_word' id='word_1_752' title='bbox 1783 2891 1821 2925; x_wconf 83' lang='grc' dir='ltr'>β’,</span> 
     </span>
     <span class='ocr_line' id='line_1_116' title="bbox 1020 2928 1821 2979; baseline 0.006 -21"><span class='ocrx_word' id='word_1_753' title='bbox 1020 2939 1080 2958; x_wconf 80' lang='lat' dir='ltr'>ver.</span> <span class='ocrx_word' id='word_1_754' title='bbox 1096 2929 1161 2979; x_wconf 81' lang='lat'><em>43.)</em></span> <span class='ocrx_word' id='word_1_755' title='bbox 1187 2929 1245 2958; x_wconf 89' lang='lat' dir='ltr'>hoc</span> <span class='ocrx_word' id='word_1_756' title='bbox 1262 2928 1370 2969; x_wconf 84' lang='lat' dir='ltr'>utique</span> <span class='ocrx_word' id='word_1_757' title='bbox 1386 2941 1448 2961; x_wconf 93' lang='lat' dir='ltr'>non</span> <span class='ocrx_word' id='word_1_758' title='bbox 1464 2933 1605 2963; x_wconf 79' lang='lat' dir='ltr'>Licentia</span> <span class='ocrx_word' id='word_1_759' title='bbox 1620 2938 1666 2962; x_wconf 84' lang='lat' dir='ltr'>est</span> <span class='ocrx_word' id='word_1_760' title='bbox 1685 2931 1821 2968; x_wconf 75' lang='lat' dir='ltr'>Poetica,</span> 
     </span>
     <span class='ocr_line' id='line_1_117' title="bbox 1021 2969 1558 3014; baseline 0.009 -15"><span class='ocrx_word' id='word_1_761' title='bbox 1021 2969 1075 2999; x_wconf 74' lang='lat' dir='ltr'>sed</span> <span class='ocrx_word' id='word_1_762' title='bbox 1090 2971 1153 3000; x_wconf 82' lang='lat' dir='ltr'>alia</span> <span class='ocrx_word' id='word_1_763' title='bbox 1172 2970 1323 3000; x_wconf 78' lang='lat' dir='ltr'>nimirum</span> <span class='ocrx_word' id='word_1_764' title='bbox 1338 2973 1446 3014; x_wconf 68' lang='lat' dir='ltr'>linguei</span> <span class='ocrx_word' id='word_1_765' title='bbox 1464 2975 1558 3014; x_wconf 82' lang='lat' dir='ltr'>loqui.</span> 
     </span>
    </p>
   </div>
   <div class='ocr_carea' id='block_1_8' title="bbox 1533 850 1617 858">
    <p class='ocr_par' dir='ltr' id='par_1_17' title="bbox 1533 850 1617 858">
     <span class='ocr_line' id='line_1_118' title="bbox 1533 850 1617 858; baseline 0 0"><span class='ocrx_word' id='word_1_766' title='bbox 1533 850 1617 858; x_wconf 95' lang='lat' dir='ltr'> </span> 
     </span>
    </p>
   </div>
  </div>
 </body>
</html>
