1983 3361
196 184 225 225 8

603 175 902 222 ΟΜΗΡΟΥ
944 171 1234 220 ΙΛΙΑΔΟΣ
1315 168 1389 222 Α’.

1624 167 1741 216 Lm.
1771 168 1793 215 I

196 282 379 332 Κίλλαν
407 304 453 331 τε
482 280 650 350 ζαθέην,
692 279 888 330 Τενέδοιό
914 301 961 329 τε
990 275 1056 342 ἶφι
1085 280 1314 335 ἀνάσσεις,

278 464 296 476 “
321 459 487 499 Cillanque
503 459 661 494 eximiam,
681 458 874 497 Tenedoque
889 457 1010 487 fortiter
1025 457 1167 495 imperas,

851 606 923 636 abit.
940 616 984 635 m!
1000 616 1028 635 1s
1044 615 1154 635 como.

555 649 599 679 rei
612 648 805 689 imperfectae.
822 608 961 727 {coenan
978 658 1021 676 nt
1038 658 1065 676 1s
1081 657 1121 676 A’r
1138 657 1265 676 sermm.

852 689 1032 719 aediflcatur.

198 734 337 772 Tempus
350 737 488 764 Praeseus

850 773 934 803 abiit.
959 783 1002 802 ωε
1019 783 1047 802 1s
1063 782 1158 802 comt.

556 816 599 846 rei
611 816 765 856 perficite.
821 776 990 894 {coenavit
1016 825 1059 843 m:
1077 825 1139 844 HAS
1156 824 1240 844 sumu

850 856 1040 886 aedificatum
1055 862 1109 886 est.
1155 866 1185 885 ιτ
1201 866 1229 885 1s
1246 865 1346 885 num:

530 860 554 901 ῑ,

849 936 953 966 abibit.
979 947 1022 966 m:
1039 946 1121 966 wat,
1138 946 1175 965 BE
1192 946 1302 965 como.

555 979 598 1009 rei
611 978 804 1019 imper-ficeoe.
820 938 992 1057 {coenabiu
1017 989 1061 1007 mc
1078 988 1159 1007 wux.
1176 988 1213 1007 m:
1230 988 1270 1007 AT
1287 987 1414 1007 summ.

851 1020 1065 1050 aedificabitur.

199 1065 339 1104 Tempus
356 1066 511 1096 Futurum

851 1103 970 1134 abierit.
994 1114 1038 1133 ΗΕ
1056 1113 1138 1132 WILL
1156 1114 1192 1132 BE
1209 1113 1303 1133 come.

556 1146 601 1176 rei
611 1146 765 1187 perfictae.
822 1106 1026 1225 {coenaverit
1052 1156 1096 1174 nr:
1113 1155 1194 1174 wat
1211 1155 1298 1174 navt
1315 1155 1399 1174 supr.

853 1187 1042 1218 aedificatum
1059 1187 1125 1217 erit.
1149 1197 1180 1217 rr
1197 1197 1279 1216 wrm,
1296 1197 1333 1216 ΒΕ
1350 1196 1451 1216 mum.

240 1270 292 1301 Ex
307 1269 367 1301 hac
381 1270 575 1309 Tempomm
585 1271 808 1309 primariorum
818 1267 890 1299 vera
903 1274 933 1298 et
945 1278 991 1298 se-

197 1313 340 1343 cundum
363 1323 468 1343 rerum
491 1318 637 1342 naturam
653 1311 863 1350 dispositione,
887 1312 992 1340 obser-

197 1365 268 1385 vare
285 1361 330 1385 est
340 1367 349 1392 ;

242 1401 317 1427 lmo.
340 1396 504 1426 Vocabula
525 1396 591 1431 ista,
618 1399 635 1413 “
648 1396 836 1436 (edificatum
860 1400 911 1429 est,
935 1405 992 1425 coe-

199 1443 217 1456 “
238 1441 332 1474 navic,
359 1440 443 1473 abiit,
469 1440 574 1477 periit,
602 1437 826 1476 dluoisse'ssnxsvf'
854 1443 885 1466 et
907 1436 992 1466 simi-

199 1481 248 1515 lia,
279 1487 344 1510 tam
379 1483 516 1510 Praesens
540 1479 686 1509 exhibere
714 1485 830 1517 tempus
856 1478 901 1508 rei
922 1489 993 1517 per-

199 1523 304 1558 {bctaeq
328 1521 423 1562 quam
449 1522 512 1556 illa,
549 1522 764 1562 “cedificatum
791 1526 898 1556 coenat,
922 1521 993 1555 abit,

199 1569 218 1583 “
238 1567 326 1603 perit,
351 1563 547 1603 ἅμφιξαίνει,”
575 1569 607 1593 et
628 1563 751 1597 similia,
778 1565 918 1592 Praesens
941 1572 993 1591 ex-

198 1606 308 1636 hibent
321 1612 437 1645 tempus
449 1605 493 1635 rei
509 1604 700 1645 imperfizctae.
728 1604 823 1639 Quod
839 1603 913 1633 cum
928 1604 994 1642 ple-

198 1658 310 1688 rosque
337 1647 626 1677 Grammaticorum
650 1646 787 1686 fugerit3
818 1646 892 1675 hinc
916 1646 996 1674 viros

196 1689 295 1723 *etiam
325 1700 389 1719 non
416 1689 589 1718 ineruditos
619 1698 700 1727 saepe
722 1688 756 1717 in
778 1687 921 1717 fraudem
945 1689 994 1716 in-

199 1731 318 1767 ductos,
335 1738 372 1761 ut
386 1731 435 1761 vel
451 1731 603 1760 mendum
620 1729 755 1770 aliquod,
772 1729 821 1759 vel
836 1731 995 1768 enallagen

200 1774 306 1803 nescio
335 1784 438 1813 quam,
472 1775 557 1813 (quae
591 1771 839 1802 Grammaticam
868 1781 995 1800 omnem

197 1816 326 1854 penitus
355 1815 488 1853 evertiu)
516 1814 565 1844 vel
595 1814 809 1844 necessitatem
837 1813 996 1853 quandam

198 1858 300 1892 metri,
314 1859 398 1898 (quae
408 1857 492 1896 apud
504 1856 659 1895 principes
673 1856 786 1885 Poetas
799 1865 996 1895 nequaquam

199 1899 381 1940 hujusmodi
397 1898 467 1936 est‚)
485 1898 527 1928 ibi
543 1898 782 1938 suspicarentur,
800 1898 853 1928 ubi
871 1899 995 1936 Tempo-

199 1953 269 1972 rum
284 1943 364 1971 ratio
380 1940 462 1971 recte
479 1946 570 1980 atque
586 1940 681 1969 etiam
697 1938 815 1977 optime
831 1940 899 1979 jam
922 1949 996 1968 con·

198 1989 303 2015 staret.
330 1983 477 2021 Exempli
495 1981 605 2012 causa:
635 1982 677 2011 In
692 1992 737 2016 eo,
754 1981 838 2021 quod
855 1986 900 2010 est
915 1980 998 2019 apud

209 2027 381 2064 Virgilium,
405 2027 481 2055 [En.
510 2024 559 2059 II,
584 2027 630 2053 12.
677 2027 695 2041 “
721 2025 904 2062 Quanquam
927 2024 997 2052 ani-

202 2071 221 2085 “
242 2079 309 2098 mles
339 2069 508 2097 meminisse
544 2068 652 2101 horret,
683 2066 826 2104 luctuque
862 2065 997 2104 rthgI'25

202 2108 248 2150 [et
263 2109 407 2139 similiter
422 2111 498 2139 AEn.
513 2108 556 2143 X,
569 2107 655 2149 7265]
670 2106 754 2137 recte
770 2112 891 2137 constat
911 2108 998 2136 Tem-

197 2162 309 2190 porum
339 2151 439 2188 rati03
470 2150 621 2191 quoniam
650 2150 676 2179 is
698 2149 752 2189 qui
779 2149 922 2178 animum
950 2159 998 2178 re-

192 2193 314 2234 fugisse
329 2192 420 2228 dicat,
437 2198 502 2222 tam
518 2192 556 2222 de
574 2193 723 2231 praesentz'
737 2197 877 2229 tempore
897 2190 998 2229 loqui-

203 2241 263 2270 tur,
277 2233 372 2275 quam
383 2234 438 2275 qui
453 2234 590 2274 refugere
606 2232 736 2263 dixerit:
767 2232 891 2262 Eodem
905 2232 1001 2261 modo

205 2287 240 2306 ac
260 2277 324 2317 qui,
349 2281 367 2294 “
386 2277 500 2316 perii‚’'
525 2276 629 2313 dicat3
653 2275 737 2315 quod
763 2274 848 2313 apud
877 2274 1001 2314 Anglos

205 2319 340 2354 effertur,
368 2324 385 2336 ‘¹
400 2329 412 2349 1
435 2329 485 2348 AM
509 2318 688 2354 uxnomz;”
713 2316 801 2357 aeque
827 2326 894 2346 rem
916 2327 999 2354 prae-

206 2367 315 2391 sentem
343 2361 434 2395 dicat,
462 2371 497 2390 ac
523 2360 577 2399 qui
603 2359 724 2394 dixerit,
757 2363 774 2376 ‘⁶
792 2369 892 2397 pereo,
917 2369 928 2387 1
951 2367 1001 2387 AM

206 2408 224 2420 ‘¹
248 2402 454 2432 muminito?
504 2402 543 2431 Id
557 2401 641 2442 quod
666 2411 729 2431 non
752 2400 1002 2430 animadvertens

207 2443 266 2474 Vir
277 2444 388 2474 doctus
402 2446 482 2475 Rad.
500 2446 710 2478 Wintertonus,
725 2445 816 2474 IVotis
826 2444 858 2471 in
874 2443 1004 2471 Hesiodi

212 2487 360 2525 leeogorz.
376 2497 435 2516 ver.
453 2489 524 2516 819.
561 2485 750 2524 Enallagen,
767 2494 863 2524 quain
878 2482 1002 2522 excogi-

207 2527 316 2558 tarunt
330 2528 392 2563 alii,
409 2527 492 2557 recte
508 2527 635 2567 quidem
659 2527 780 2566 rejicit;
804 2526 869 2564 ipse
889 2531 1003 2560 tamen,

206 2569 289 2609 quod
305 2570 394 2610 pejus
409 2576 462 2605 est,
484 2571 643 2607 Virgilium
655 2570 794 2608 τεχνικῶς
805 2577 860 2606 per
872 2568 1003 2606 Systolen

209 2611 308 2646 metri,
326 2612 358 2641 in
382 2613 486 2641 ultimo
507 2610 593 2649 pede,
611 2616 641 2640 et
664 2609 697 2639 in
720 2619 794 2639 voce
817 2609 925 2648 utique
947 2611 1003 2638 tri·

207 2652 332 2693 syllabci,
356 2653 520 2683 deficiente
543 2659 690 2690 tempore,
712 2652 857 2681 timorem
881 2660 1004 2688 expres-

209 2695 284 2724 sisse
314 2695 416 2734 fingit.
464 2694 565 2723 Simili
592 2704 702 2728 errore,
730 2693 769 2723 de
795 2703 832 2722 eo
855 2692 938 2731 quod
961 2698 1007 2721 est

209 2736 294 2775 apud
323 2738 472 2771 Ovidium,
501 2738 627 2766 illelom.
657 2735 695 2769 V,
724 2738 795 2765 677.
844 2733 1005 2764 Pieridum

209 2779 242 2807 in
265 2781 358 2809 Picus
380 2778 645 2816 metamorphosin
670 2777 865 2808 referentem.
891 2775 1007 2811 (iVunc

210 2832 327 2859 quoque
343 2823 374 2850 in
391 2822 514 2850 alitibus
526 2819 683 2860 jhcundia
697 2821 799 2857 prisca
818 2820 963 2848 remansit
976 2822 1006 2857 ;)

213 2867 229 2879 “
253 2862 375 2893 Scribe'’
409 2861 527 2902 (inquit
556 2871 694 2899 nuperus
728 2861 848 2889 Auctor
871 2870 934 2888 non
958 2859 1005 2888 in-

211 2903 335 2941 doctus)
372 2909 389 2921 ‘⁴
407 2904 536 2933 TUNC
566 2912 741 2942 quoqne—.
787 2904 820 2931 Si
848 2904 926 2931 enim
960 2913 1005 2931 re-

213 2951 230 2962 “
252 2949 350 2975 linteus
376 2946 492 2981 Nunc;
515 2947 675 2975 ‹licemlzmz
700 2950 750 2978 est,
776 2950 924 2977 remanet,
949 2954 1005 2972 non

214 2995 229 3005 ‘¹
255 2988 434 3017 winansit.”
462 2987 551 3017 Malo
567 2985 737 3016 admodum
754 2985 896 3025 augurio.
925 2985 1007 3014 Nam

1198 606 1230 634 Il
1242 605 1267 635 ,ς’
1283 615 1320 634 en
1335 615 1382 634 va.

1310 647 1342 676 Il
1356 652 1397 676 est
1413 645 1432 676 ἆ
1447 657 1563 684 suuper.

1077 699 1108 718 rr
1125 698 1152 718 1s
1169 698 1203 717 lx
1221 698 1384 718 suumne.
1433 689 1476 718 011
1493 687 1578 717 bdtit.

1203 773 1236 802 Il
1251 771 1275 802 s'
1292 783 1328 801 en
1344 777 1386 801 est
1402 771 1471 800 alle'.

1285 815 1318 843 Il
1332 825 1349 843 α
1367 813 1466 852 soupe'.

1395 856 1439 886 On
1457 867 1475 884 a
1491 853 1563 885 beiti.

1346 937 1379 966 Il
1393 935 1417 965 ε’
1429 946 1465 965 en
1481 937 1540 964 ira.

1460 979 1492 1007 Il
1506 987 1572 1007 sera
1590 976 1609 1007 ἆ
1625 988 1739 1016 souper.

1110 1030 1140 1050 ιτ
1158 1029 1239 1049 wut.
1256 1030 1293 1048 m:
1310 1029 1345 1049 m
1362 1029 1527 1049 nnunmo.
1576 1021 1620 1050 On
1637 1018 1748 1049 bdtira.

1348 1104 1381 1133 Il
1395 1102 1419 1132 s‘
1436 1113 1472 1132 en
1488 1113 1555 1132 sera
1572 1102 1640 1132 alless

1446 1146 1477 1174 Il
1491 1156 1571 1174 aura
1587 1144 1680 1183 soupe‘

1499 1187 1545 1217 On
1562 1197 1642 1216 aura
1659 1185 1732 1217 ὸάιί.

1030 1267 1160 1298 omnino
1183 1268 1241 1296 hoc
1264 1266 1307 1296 ait
1326 1267 1458 1300 Ovidius,
1476 1263 1570 1294 etiam
1585 1275 1668 1295 nunc
1686 1264 1724 1295 iis
1745 1267 1825 1297 inse-

1030 1312 1108 1340 disse
1118 1315 1210 1349 atque
1223 1311 1235 1338 i
1237 1310 1318 1351 nfioeu
1323 1320 1349 1337 m
1359 1318 1420 1337 esse
1430 1306 1590 1346 antiquam
1601 1307 1826 1346 garrulitatem.

1034 1352 1085 1381 De
1119 1352 1220 1382 Grotii
1249 1360 1351 1380 errore
1380 1349 1484 1384 simili,
1515 1348 1585 1378 vide
1614 1347 1697 1378 infra
1726 1349 1765 1379 ad
1796 1348 1829 1385 ἕ,

1031 1397 1102 1424 454.

1075 1437 1140 1465 edo.
1167 1434 1217 1463 Ex
1233 1433 1292 1464 hac
1312 1433 1448 1463 naturali
1469 1435 1648 1471 Temporum
1671 1432 1831 1471 dispositi:

1032 1487 1092 1506 one
1114 1482 1249 1515 apparet,
1273 1474 1368 1515 quam
1391 1473 1473 1504 male
1496 1474 1661 1504 multarint
1682 1475 1827 1514 linguam

1038 1519 1216 1548 Romanam
1237 1518 1382 1558 vulgares
1404 1517 1449 1546 rei
1476 1517 1697 1546 Grammaticae
1723 1516 1826 1555 Scrip-

1033 1566 1121 1596 tores,
1152 1560 1206 1600 qui
1237 1561 1361 1599 Fatum
1393 1559 1452 1588 ista
1475 1559 1621 1599 perfidu,
1659 1558 1693 1598 [“
1721 1560 1828 1598 legero,

1035 1607 1051 1620 “
1072 1604 1166 1632 lectus
1181 1602 1263 1637 ero,''
1281 1607 1312 1631 et
1326 1600 1464 1641 similia]
1487 1611 1557 1640 quae
1572 1606 1646 1629 sunt
1668 1599 1756 1640 aeque
1779 1602 1828 1630 in-

1032 1646 1175 1679 dicativa,
1193 1654 1228 1673 ac
1245 1645 1368 1674 Futura
1386 1643 1440 1672 illa
1455 1643 1641 1681 imperfecta,
1665 1641 1699 1682 [“
1720 1643 1828 1681 legam,

1035 1690 1052 1703 “
1073 1686 1161 1726 legar
1173 1685 1231 1726 ;”]
1253 1684 1270 1714 ὲ
1283 1687 1374 1714 Modo
1391 1686 1563 1714 Inelicaeizvo
1587 1690 1829 1722 expunxerunt;

1033 1734 1071 1763 et,
1103 1727 1298 1766 ineptissimo
1330 1726 1519 1760 Soloecismo,
1553 1725 1638 1755 istud
1674 1724 1708 1766 [⁶⁴
1736 1727 1830 1756 lectus

1036 1774 1052 1787 “
1074 1769 1164 1810 e⁷·o'']
1193 1775 1224 1799 et
1254 1768 1377 1804 similia,
1407 1778 1478 1808 quae
1508 1768 1702 1807 Suly'unctiva
1742 1767 1831 1798 nullo

1034 1811 1128 1841 modo
1150 1821 1216 1841 esse
1237 1816 1376 1849 possunt,
1400 1810 1433 1839 in
1457 1811 1584 1840 Modum
1602 1810 1830 1849 Sulgjunctivum

1034 1852 1223 1892 relegairunt.

1075 1897 1146 1925 5tio.
1173 1895 1292 1924 Praeter
1318 1897 1372 1924 Sex
1402 1893 1460 1923 ista
1488 1893 1645 1932 Tempora
1673 1895 1830 1924 I’rimnria

1035 1943 1066 1966 et
1094 1936 1266 1977 διωρισμένα,
1296 1942 1369 1965 sunt
1399 1942 1429 1965 et
1459 1936 1520 1965 alia
1541 1935 1686 1975 quaedam
1716 1945 1754 1965 ex
1783 1935 1833 1965 his

1035 1978 1155 2008 diverse
1174 1978 1375 2016 Composita:
1407 1978 1451 2007 Ut
1466 1977 1570 2007 videre
1589 1977 1682 2007 estin
1703 1977 1830 2007 Graeco-

1036 2031 1107 2050 rum
1124 2022 1255 2050 Aur-istis
1271 2026 1364 2059 atque
1379 2022 1412 2050 F
1413 2022 1513 2050 utaris
1535 2021 1714 2058 duplicibus,
1732 2025 1762 2049 et
1784 2030 1832 2049 re·

1037 2062 1212 2092 centiorum
1235 2062 1418 2101 linguarum
1440 2063 1611 2101 duplicibus
1633 2063 1684 2102 (ut
1705 2059 1833 2099 vocant)

1032 2106 1200 2144 prseteritis
1210 2103 1355 2144 perfectis
1363 2119 1374 2140 ;
1398 2114 1533 2143 quorum
1549 2103 1682 2133 alterum
1705 2113 1833 2142 respon-

1037 2146 1090 2176 det
1116 2146 1300 2176 Graecorum
1318 2147 1450 2176 Aoristo.
1498 2146 1580 2180 Quae
1602 2145 1729 2185 quidem
1752 2150 1832 2174 tem-

1037 2198 1113 2227 pora
1138 2188 1203 2217 vim
1229 2198 1319 2218 suam
1345 2186 1428 2217 varie
1454 2187 1636 2222 sortiuntur,
1659 2187 1773 2226 partim
1796 2196 1833 2216 ex

1034 2231 1244 2269 proeseneibus,
1266 2229 1381 2268 partim
1405 2239 1443 2258 ex
1464 2231 1632 2268 praeteritis
1654 2235 1686 2258 et
1700 2229 1834 2269 suturis,

1039 2272 1198 2302 interdum
1222 2271 1316 2301 etiam
1343 2281 1380 2300 ex
1410 2273 1563 2301 leematis
1590 2273 1685 2310 ipsius
1712 2270 1834 2300 natura.

1043 2314 1257 2349 Quamobrem
1279 2314 1346 2342 haec
1368 2313 1505 2352 quidem,
1530 2323 1631 2352 neque
1654 2312 1687 2342 in
1709 2314 1836 2343 diversis

1038 2358 1153 2395 linguis
1169 2355 1295 2395 singula
1309 2355 1443 2394 singulis
1463 2354 1661 2393 respondent,
1678 2364 1780 2394 neque
1802 2354 1835 2384 in

1039 2398 1168 2437 ejusdem
1184 2399 1299 2436 Iinguoe
1313 2397 1426 2426 Verbis
1441 2397 1608 2433 omnibus;
1632 2402 1663 2426 et
1678 2396 1837 2426 interdum

1041 2449 1104 2469 una
1119 2439 1290 2478 eademque
1305 2448 1373 2473 vox,
1390 2448 1446 2476 pro
1461 2438 1582 2468 diverso
1597 2437 1746 2468 orationis
1760 2448 1835 2468 con-

1040 2487 1136 2515 textu,
1174 2481 1333 2510 diversum
1361 2481 1455 2510 habet
1484 2480 1716 2521 significatum:
1761 2479 1836 2509 Non

1041 2523 1149 2562 utique
1164 2521 1339 2561 promiscue
1356 2528 1386 2552 et
1402 2523 1530 2560 ἀλέγως,
1547 2522 1601 2552 sed
1616 2531 1738 2560 semper
1752 2521 1836 2551 certa

1040 2564 1176 2604 quadam
1207 2571 1237 2594 et
1266 2563 1396 2594 definita
1433 2564 1562 2594 ratione.
1611 2563 1693 2598 Quae
1729 2563 1837 2593 omnia

1041 2606 1114 2636 cum
1141 2607 1203 2636 sint
1229 2606 1392 2636 intellectu
1415 2604 1526 2641 multo,
1549 2604 1644 2646 quam
1671 2605 1836 2643 explicatu,

1042 2649 1201 2685 faciliora;
1232 2659 1364 2688 quaeque
1386 2649 1537 2688 cujusque
1563 2647 1704 2677 vocabuli
1735 2647 1836 2685 praefi-

1042 2689 1108 2720 nito
1123 2690 1169 2719 vis
1184 2690 1231 2725 sit,
1249 2690 1330 2729 saepe
1345 2689 1517 2720 admodum
1532 2689 1659 2718 difficile
1674 2689 1714 2718 sit
1729 2689 1836 2726 dictu;

1041 2732 1185 2772 diligenti
1223 2731 1316 2770 porro
1353 2731 1486 2761 lectione
1522 2737 1596 2760 sunt
1636 2730 1837 2761 observanda.

1045 2775 1126 2804 Haec
1151 2772 1214 2814 quo
1243 2774 1427 2812 pertineant,
1458 2773 1565 2811 paucis
1594 2774 1735 2812 exemplis
1763 2773 1837 2802 sub·

1037 2817 1136 2856 jectis,
1154 2815 1321 2854 apparebit.

1088 2858 1152 2893 Qui
1183 2855 1283 2897 graece
1313 2856 1364 2890 ait,
1391 2855 1441 2885 α”ἱῖι
1466 2856 1627 2890 ὶληλυρὰς;
1657 2855 1690 2886 id
1712 2855 1756 2886 m't
1777 2854 1837 2886 διο·

1043 2901 1181 2940 ρισμίνως,
1196 2898 1280 2938 quod
1303 2897 1398 2927 latine
1421 2898 1544 2932 dicitur,
1570 2904 1587 2915 ‘⁸
1614 2900 1762 2932 Quoniam
1779 2900 1839 2928 huc

1045 2947 1062 2959 ⁸⁴
1083 2943 1233 2971 advenisti
1246 2940 1281 2969 .·'’
1330 2940 1395 2974 Qui
1418 2946 1533 2974 nutem,
1558 2938 1607 2970 a).
1632 2940 1734 2972 ίλθὺνς
1758 2939 1784 2969 is
1806 2939 1838 2970 id

1043 2983 1085 3012 ait
1102 2984 1246 3024 hoglon-mg,
1271 2981 1354 3021 qnod
1379 2981 1474 3012 latine
1497 2981 1619 3016 dicitur.
1646 2984 1755 3012 “Cum
1779 2984 1837 3012 huc
